3867 6400
2569 0 2678 17 ..ιιι-
2703 0 3288 32 ..u—nnm-
3307 0 3660 36 -Α-ι-ᾣ--ι-ύ-η-α-μ-
3691 27 3809 36 ---—-<

653 1407 822 1466 xxxvi
1274 1423 1602 1465 avrti-mlx
1631 1423 1713 1464 ΤΟ
1737 1422 1876 1473 ,ΤΗΙ
1906 1421 2422 1464 lurnonucrlox.
3686 1414 3744 1536 ζ.

737 1566 896 1625 Idem
921 1573 981 1625 et
1005 1565 1202 1624 eodem
1227 1564 1396 1624 modo
1423 1563 1774 1624 sentiendum
1799 1571 1890 1622 est
1907 1563 2011 1622 tibi
2038 1562 2109 1621 de
2134 1562 2258 1621 aliis
2284 1563 2542 1641 malignis
2570 1564 2875 1642 spiritibus,
2904 1583 3046 1642 quas

656 1660 859 1740 vulgus
883 1669 1117 1740 stryges
1142 1669 1200 1719 et
1227 1657 1440 1720 lamiae
1465 1667 1686 1730 vocant,
1713 1667 1776 1718 et
1799 1667 2071 1738 apparent
2096 1658 2167 1717 de
2194 1667 2357 1718 nocte
2380 1661 2440 1718 in
2467 1660 2726 1719 domibus
2750 1660 2811 1718 in
2838 1660 3045 1739 quibus

653 1757 872 1836 parvuli
917 1757 1261 1826 nutriuntur,
1316 1775 1525 1836 eosque
1579 1757 1648 1816 de
1692 1756 1983 1816 cunabulis
2037 1763 2227 1834 raptos
2274 1754 2485 1814 laniare
2532 1755 2622 1814 vel
2676 1757 2811 1834 igne
2857 1775 3048 1814 assare

655 1852 914 1911 videntur
931 1875 948 1922 ς
973 1861 1247 1930 apparent
1263 1863 1452 1912 autem
1479 1855 1537 1926 in
1557 1853 1739 1931 specie
1757 1852 2091 1921 vetularum,
2110 1849 2385 1921 videlicet,
2406 1871 2533 1930 quae
2554 1872 2657 1912 nec
2678 1872 2813 1911 vere
2840 1852 3049 1911 vetulae

654 1957 806 2019 sunt,
845 1969 949 2008 nec
976 1969 1108 2008 vere
1134 1969 1338 2028 pueros
1366 1950 1635 2008 devorare
1661 1947 1923 2028 possibile
1948 1957 2039 2006 est
2062 1947 2164 2016 eis,
2200 1955 2427 2025 propter
2454 1967 2679 2007 causam
2708 1967 2879 2026 quam
2916 1947 3053 2006 dixi.

655 2044 946 2103 Interdum
989 2055 1180 2104 autem
1225 2046 1566 2124 permittitur
1618 2045 1700 2107 eis
1745 2043 2012 2123 parvulos
2066 2042 2317 2101 occidere
2358 2042 2419 2100 in
2471 2062 2698 2122 poenam
2751 2052 3049 2122 parentum

653 2151 884 2220 propter
899 2142 1028 2211 hoc,
1046 2145 1180 2220 quia
1206 2151 1464 2221 parentes
1485 2160 1732 2219 eousque
1751 2140 2035 2198 interdum
2054 2140 2296 2218 diligunt
2315 2139 2579 2218 parvulos
2600 2159 2753 2209 suos,
2771 2147 2838 2197 ut
2854 2139 3050 2198 Deum

652 2257 768 2296 non
804 2237 1079 2316 dilig-ant:
1126 2237 1337 2299 utiliter
1375 2239 1547 2316 igitur
1585 2245 1756 2314 atque
1795 2235 2094 2294 salubriter
2134 2255 2263 2294 cum
2304 2235 2439 2313 ipsis
2475 2235 2801 2315 parentibus
2841 2235 3048 2313 agitur,

653 2353 782 2392 cum
807 2352 976 2392 eausa
999 2335 1226 2393 offenso
1253 2333 1520 2392 creatoris
1547 2330 1915 2391 subtrahitur.
1985 2331 2319 2409 Insipientes
2346 2339 2533 2390 autem
2560 2350 2718 2390 more
2747 2351 2869 2402 suo,
2896 2331 3047 2391 unde

652 2429 860 2489 erudiri
886 2430 1174 2500 deberent,
1199 2429 1330 2489 inde
1357 2429 1706 2488 occasionem
1731 2428 2161 2488 detestabilioris
2186 2428 2435 2487 stultitiae
2462 2435 2758 2486 assumunt
2778 2451 2795 2496 ς
2838 2447 2953 2506 qua
2976 2427 3047 2486 de

651 2543 821 2604 eausa
860 2524 1074 2583 factum
1113 2534 1219 2595 est,
1261 2533 1328 2584 ut
1371 2525 1597 2603 spiritus
1633 2524 1866 2602 maligni
1909 2525 2015 2584 sub
2056 2525 2279 2584 nominc
2315 2533 2375 2582 et
2413 2524 2595 2602 specie
2622 2523 2960 2595 vetularum,
2986 2525 3047 2582 in

651 2619 856 2699 quibus
897 2639 1165 2698 apparere
1205 2620 1594 2690 credebantur,
1636 2621 1897 2679 timorem
1935 2628 1998 2679 et
2034 2619 2309 2679 honorem
2348 2639 2415 2678 ac
2454 2620 2735 2678 culturam
2758 2616 3049 2679 idolatria

649 2716 756 2774 sibi
781 2716 1198 2794 acquisiverint,
1225 2737 1294 2776 ea
1317 2715 1579 2776 videlicet
1617 2717 1688 2776 dc
1732 2737 1920 2786 causa,
1957 2725 2024 2775 ut
2062 2716 2310 2795 parvulis
2350 2723 2663 2794 parcerent,
2701 2715 2811 2774 boc
2838 2726 2944 2786 est,
2983 2723 3051 2775 ut

647 2812 776 2871 illos
802 2832 909 2871 nec
946 2812 1223 2872 lasiiarent
1261 2833 1444 2892 neque
1469 2813 1589 2891 igni
1614 2822 1885 2872 assatam.
1969 2811 2303 2894 vetularum
2327 2821 2515 2871 autem
2554 2820 2878 2871 nostrarum
2904 2811 3051 2871 desi·

649 2911 860 2988 pientia
901 2912 1218 2989 opinionem
1256 2912 1424 2970 istam
1463 2910 1790 2970 mirabiliter
1817 2909 2203 2970 disseminavit
2236 2919 2294 2969 et
2330 2911 2605 2989 provexit,
2646 2918 2819 2988 atque
2846 2908 3049 2968 animis

649 3006 948 3066 mulierum
991 3007 1228 3066 aliarum
1271 3028 1414 3086 pene
1455 3007 1881 3067 irradicabiliter
1922 3007 2126 3066 infixit.
2208 3006 2475 3067 Similiter
2510 3015 2569 3064 et
2603 3005 2675 3064 de
2718 3005 3051 3064 dominabus

650 3107 942 3164 nocturnis
988 3105 1142 3183 quod
1196 3105 1360 3165 bonae
1403 3105 1654 3166 domina
1710 3105 1841 3174 sint,
1889 3115 1950 3164 et
2002 3124 2211 3183 magna
2252 3106 2404 3164 bona
2448 3105 2707 3164 domibus
2754 3125 2896 3184 quas
2935 3105 3053 3165 fre·

651 3210 925 3280 quentant
951 3220 1054 3279 per
1076 3222 1146 3260 ea
1179 3210 1537 3280 praestantur,
1563 3200 1893 3261 mulieribus
1932 3202 2285 3280 potissimum
2320 3212 2740 3279 persuaserunt,
2778 3211 2840 3261 et
2875 3210 2941 3262 ut
2979 3202 3053 3263 ad
3742 3262 3747 3267 .

651 3318 828 3357 unum
855 3296 1057 3367 dicun,
1082 3318 1225 3376 pene
1253 3318 1450 3357 ornnes
1487 3298 1755 3377 reliquias
1795 3297 2073 3357 idolatriae
2100 3295 2330 3356 retinuit
2354 3304 2415 3355 et
2440 3296 2757 3356 reservavit
2780 3306 2841 3356 et
2866 3298 3055 3357 adhuc
3690 3332 3703 3384 τ
3753 3287 3760 3360 s
3806 3380 3809 3393 Ι

651 3414 979 3475 promovere
1003 3414 1120 3453 non
1145 3402 1331 3455 cessat
1353 3396 1516 3455 anilis
1541 3396 1653 3454 ista
1668 3394 1920 3455 fatuitas.

837 3493 874 3532 a
1121 3494 1157 3531 a
1403 3496 1442 3532 a
1683 3493 1722 3534 a
1969 3495 2008 3531 a
2251 3497 2289 3531 ᾳ
2534 3494 2570 3530 a
2818 3494 2857 3531 a

735 3586 870 3646 Jam
895 3586 1068 3665 igitur
1093 3606 1196 3665 per
1219 3587 1329 3646 ista
1355 3585 1498 3644 scire
1523 3586 1713 3656 debes,
1732 3587 1866 3665 quia
1883 3606 1954 3646 ex
1982 3588 2303 3665 operatione
2330 3585 2707 3665 malignorum
2734 3586 3056 3667 spirituum,

653 3691 716 3742 et
739 3702 808 3743 ex
833 3682 958 3742 aliis
985 3683 1168 3743 causis
1195 3702 1337 3762 quas
1363 3682 1646 3752 audivisti,
1687 3683 2028 3763 proveniunt
2052 3682 2340 3742 illusiones
2367 3683 2490 3743 istae
2514 3682 2969 3755 hastiludiorm
2994 3692 3057 3744 et

654 3778 890 3837 aliarum
915 3779 1346 3857 apparitionum,
1372 3798 1514 3857 quas
1541 3778 1646 3837 tibi
1671 3778 1976 3837 nominavi.
2060 3777 2299 3857 Propter
2324 3779 2461 3858 quid
2487 3788 2679 3839 autem
2704 3780 2764 3839 in
2792 3782 3053 3861 compitis

657 3876 838 3953 magis
870 3895 1040 3953 quam
1063 3875 1124 3935 in
1151 3877 1321 3953 agris,
1338 3875 1429 3935 vel
1454 3876 1512 3933 in
1539 3876 1664 3934 aliis
1687 3874 1828 3935 locis
1844 3875 1874 3935 ?
1946 3873 2099 3934 Dico
2122 3874 2274 3952 quod
2297 3876 2357 3933 in
2383 3874 2507 3934 aliis
2531 3874 2673 3935 locis
2700 3877 2871 3936 etiam
2891 3876 3053 3949 fiunt,

659 3989 790 4028 cum
831 3970 1128 4031 videantur
1169 3972 1448 4031 exercitus
1494 3972 1572 4030 ibi
1612 3970 1880 4029 nocturni·
1919 3968 2277 4028 multitudine
2322 3989 2425 4029 sua
2463 3970 2683 4049 operire
2725 3981 2949 4033 montes
2990 3984 3055 4035 et

658 4066 867 4127 vallese
907 4068 1154 4147 compita
1173 4087 1309 4127 vero
1337 4076 1569 4147 propter
1593 4066 1973 4145 frequentiam
1996 4064 2289 4125 hominum
2314 4066 2501 4127 minus
2524 4066 2740 4128 habent
2762 4070 3057 4130 munditia

659 4172 720 4221 et
744 4163 1047 4242 spiritualis
1081 4174 1142 4224 et
1166 4163 1494 4243 corporalis.
1574 4164 1725 4241 Agri
1759 4182 2005 4241 namque
2030 4163 2398 4234 mundissimi,
2424 4174 2491 4224 ut
2526 4166 2609 4224 ita
2634 4164 2874 4236 dicatum
2900 4186 3057 4227 com·

661 4259 950 4337 paratione
985 4260 1204 4318 viarum
1237 4260 1586 4338 publicarum
1612 4268 1671 4318 et
1701 4259 2093 4339 compitorum.
2176 4260 2243 4319 In
2280 4259 2371 4319 his
2406 4261 2575 4331 enim,
2600 4262 2714 4321 hoc
2738 4270 2831 4322 est
2862 4262 2925 4321 in
2950 4263 3060 4323 viis

661 4354 900 4433 publicis
939 4361 1001 4411 et
1041 4356 1316 4433 compitis,
1353 4356 1427 4417 de
1465 4364 1632 4415 nocte
1677 4356 2022 4415 conveniunt
2060 4355 2307 4415 latrones
2341 4364 2401 4415 et
2440 4366 2712 4437 raptores,
2756 4359 3059 4439 omniaque

666 4468 876 4527 genera
921 4449 1322 4510 maleficorum.
1401 4450 1682 4511 Narratur
1719 4471 1964 4531 quoque,
2012 4451 2163 4530 quod
2211 4452 2441 4531 quidam
2487 4454 2685 4513 videns
2730 4454 3059 4535 hujusmodi
3765 4525 3766 4528 Ἴ

668 4546 974 4605 exercitum
1013 4553 1228 4606 terrore
1269 4566 1569 4626 percussus
1607 4567 1644 4606 a
1677 4546 1772 4606 via
1804 4548 2031 4625 publica
2067 4548 2365 4607 declinavit
2389 4549 2449 4607 in
2484 4569 2685 4628 agrum
2712 4551 3057 4631 contiguum,
3703 4539 3780 4661 ²}

669 4643 768 4702 ubi
794 4644 954 4721 quasi
981 4643 1040 4701 in
1067 4644 1306 4723 refugio,
1343 4651 1670 4703 transeunte
1689 4644 1857 4721 juxta
1890 4643 2052 4703 illum
2088 4653 2210 4704 toto
2245 4645 2345 4704 illo
2378 4646 2647 4719 exercitu,
2686 4647 2896 4707 illusus
2930 4668 3061 4728 per·
3740 4692 3747 4709 .
3777 4620 3809 4724 ,¹

669 4740 895 4809 mansit,
921 4747 982 4798 et
1019 4739 1162 4798 nihil
1201 4739 1334 4798 mali
1361 4758 1559 4819 passus
1595 4748 1685 4799 est
1722 4739 1795 4799 ab
1833 4738 1964 4811 illis,
1992 4750 2219 4821 propter
2243 4742 2397 4821 quod
2434 4742 2670 4803 inolevit
2694 4745 2885 4825 opinio
2908 4747 3061 4825 apud
3336 4755 3345 4763 “
3750 4786 3757 4789 -

675 4832 902 4905 multos,
926 4854 1094 4912 agros
1119 4834 1366 4915 gaudere
1401 4836 1744 4914 protectione
1783 4837 2052 4897 creatoris
2090 4846 2317 4917 propter
2344 4839 2639 4899 utilitatem
2664 4838 2976 4914 bominum,
3003 4852 3067 4903 et
3532 4880 3549 4887 -
3570 4882 3586 4889 -
3767 4841 3803 4916 ,ζ’

679 4926 789 4989 hac
813 4928 883 4989 de
909 4950 1078 4990 causa
1101 4950 1218 4990 non
1252 4950 1378 4991 csse
1413 4950 1700 4991 accessum
1737 4931 2001 5011 malignis
2046 4934 2329 5014 spiritibus
2372 4934 2447 4996 ad
2488 4956 2605 5008 cos,
2648 4956 2831 5019 neque
2874 4948 3065 5019 potes·
3702 4845 3719 5197 ι
3794 4924 3799 4929 ’
