3867 6400
143 641 223 700 (s

1588 1368 1724 1414 ron
1755 1367 2113 1415 sonetur.
2926 1360 3044 1426 ·25

615 1524 810 1582 terrae
839 1525 1084 1583 nostrae
1117 1515 1478 1606 Hyberniae
1519 1518 1842 1606 justicia,
1871 1519 2081 1590 donec
2110 1527 2353 1586 sanctoe
2384 1519 2675 1590 ecclesioe
2708 1523 3045 1590 reconcili-

615 1629 832 1699 entur,
863 1631 931 1685 et
960 1620 1394 1688 satisfecerint
1421 1621 1658 1688 eidem.
1747 1623 1924 1688 Data
1950 1624 2124 1711 apud
2150 1622 2562 1706 Dubliniam,
2591 1634 2716 1693 etc.

705 1721 984 1809 Propter
1011 1724 1202 1809 cujus
1248 1732 1543 1791 tenorem
1591 1723 1874 1790 ministri
1917 1725 2289 1812 reipublicoe
2320 1725 2629 1793 dixerunt
2672 1748 2744 1792 se
2788 1726 3039 1793 nescire

614 1822 774 1911 quid
803 1826 1036 1908 facere,
1079 1849 1204 1893 nec
1249 1827 1456 1894 teneri
1504 1827 1775 1916 proecise
1803 1826 1890 1893 ad
1929 1826 2340 1915 capiendum,
2384 1827 2799 1896 incarcerand
2807 1853 2941 1912 um,
2966 1839 3040 1897 et

613 1927 1046 1996 detinendum
1116 1952 1454 2017 personas,
1510 1930 1668 2018 quin
1743 1951 1863 2018 per
1917 1929 2335 2018 fidejussores
2392 1940 2465 1998 et
2534 1943 3035 2021 manucaptores

611 2027 819 2096 libere
861 2031 1123 2118 possint
1167 2032 1444 2119 evagari.
1555 2031 1753 2098 Quod
1807 2052 2079 2098 cernens
2126 2031 2499 2120 episcopus,
2550 2034 2949 2122 adjutorium
2970 2057 3034 2101 -a

611 2133 926 2218 soepefato
979 2133 1340 2222 justiciario
1397 2132 1767 2215 invocabat,
1811 2133 2045 2200 iterato
2096 2134 2413 2200 attentius
2466 2136 2901 2225 supplicando
2954 2146 3035 2204 ut

611 2256 800 2300 suam
829 2235 1248 2323 praesentiam
1269 2236 1339 2300 in
1367 2245 1506 2302 tam
1534 2237 1739 2303 arduo
1768 2236 1922 2303 fidei
1952 2236 2214 2324 negotio
2242 2235 2557 2324 episcopo
2579 2237 2761 2305 omni
2793 2236 3033 2304 auxilio
3241 2311 3251 2318 .
3734 2163 3740 2308 ⁴

611 2335 934 2404 destituto
981 2338 1160 2424 apud
1210 2335 1658 2426 Kylkenniam
1703 2337 1903 2406 vellet
1945 2337 2273 2405 exhibere.
2364 2339 2493 2406 Cui
2542 2337 2826 2427 benigne
2876 2361 3031 2406 con.-
3732 2315 3740 2404 l

607 2438 812 2504 cessit
841 2439 1245 2525 justiciarius
1295 2449 1718 2510 memoratus.
1805 2441 1986 2509 Ante
2026 2441 2215 2530 cujus
2260 2440 2619 2507 adventum
2648 2439 2835 2507 citari
2880 2439 3033 2506 fecit

607 2539 962 2628 episcopus
1021 2540 1430 2607 willelmum
1504 2541 1807 2609 Outlawe
1865 2545 2271 2630 saepefatum,
2339 2541 2425 2608 ad
2497 2541 3028 2628 respondendum

608 2663 831 2708 coram
854 2663 960 2709 -eo
1007 2642 1078 2708 in
1137 2666 1334 2710 causa
1381 2642 1560 2725 fidei,
1605 2654 1676 2711 et
1731 2643 1876 2710 aliis
1922 2643 2050 2711 sibi
2094 2666 2177 2711 ex
2222 2643 2441 2712 officio
2487 2642 2901 2730 objiciendis,
2956 2643 3029 2710 in

607 2745 878 2811 ecclesia
904 2744 1116 2814 beatoe
1139 2746 1372 2813 Marioe
1387 2746 1678 2832 Virginis
1705 2746 1883 2834 apud
1901 2746 2346 2814 Kilkenniam.
2438 2746 2593 2815 Quo
2622 2745 2731 2812 die
2760 2745 3029 2812 sedente

605 2845 919 2935 episcopo
942 2848 1320 2916 Ossoriensi
1347 2869 1470 2935 pro
1497 2848 1833 2930 tribunali,
1859 2838 2286 2915 coassistente
2315 2847 2444 2913 sibi
2460 2845 2819 2914 venerabili
2845 2857 3028 2935 patre

608 2946 880 3016 domino
909 2951 1221 3038 episcopo
1251 2948 1716 3038 Lysmonensi,
1746 2971 1898 3015 cum
1927 2970 2161 3035 magna
2188 2947 2347 3014 cleri
2373 2956 2445 3014 et
2470 2947 2703 3035 populi
2730 2949 3031 3015 multitu-¹

607 3050 784 3132 dine,
813 3053 1181 3140 comparuit
1223 3053 1402 3120 idem
1430 3051 1827 3133 willelmus,
1855 3061 2142 3118 armatus
2176 3071 2385 3138 usque
2418 3050 2503 3117 ad
2532 3049 2767 3117 dentes
2810 3049 3031 3116 multi-

604 3152 762 3242 plici
812 3167 1141 3222 armatura
1199 3165 1334 3223 tam
1380 3155 1554 3222 linea
1593 3177 1790 3243 quam
1835 3154 2064 3237 ferrea,
2109 3153 2261 3223 cum
2313 3163 2713 3222 armatorum
2768 3153 3029 3242 sequela
3088 3191 3174 3241 A

601 3278 861 3342 magna,
889 3257 1201 3345 episcopo
1229 3268 1298 3323 et
1335 3258 1474 3324 suis
1501 3256 1934 3325 existentibus
1964 3258 2107 3325 sine
2134 3257 2353 3323 armis.
2445 3258 2573 3323 Cui
2601 3256 3029 3325 nihilominus

603 3358 954 3446 episcopus
998 3359 1245 3446 objecit
1291 3360 1363 3426 in
1407 3360 1573 3427 facie
1615 3371 1845 3426 notam
1887 3360 2179 3441 hoeresis,
2220 3381 2297 3426 ac
2324 3358 2526 3426 etiam
2568 3360 2887 3443 favorem,
2924 3381 3029 3426 re-

601 3460 1065 3547 ceptationem,
1093 3472 1164 3527 et
1192 3462 1641 3529 defensionem
1685 3462 2159 3545 hoereticorum,
2188 3462 2606 3550 quamplures
2636 3462 2839 3529 etiam
2865 3461 3028 3531 alios

599 3561 933 3644 articulos,
981 3564 1228 3631 scilicet
1273 3586 1528 3646 usuras,
1569 3564 1878 3653 perjuria,
1919 3563 2255 3646 adulteria,
2294 3563 2641 3647 clericidia,
2668 3574 2739 3631 et
2766 3587 3027 3632 excom·

599 3662 1102 3747 municationes,
1126 3688 1334 3753 usque
1363 3666 1447 3733 ad
1477 3665 1744 3753 triginta
1773 3676 2051 3755 quatuor
2078 3666 2381 3756 capitula.
2472 3666 2608 3736 Qui
2638 3666 2724 3734 de
2752 3667 3027 3735 consilio

597 3767 1064 3834 advocatorum
1121 3769 1380 3857 copiam
1447 3768 1644 3856 petiit
1699 3770 2128 3857 objectorum.
2228 3770 2381 3844 Qua
2437 3791 2773 3852 concessa,
2830 3768 3024 3835 datus

596 3868 726 3935 fuit
753 3868 880 3934 sibi
909 3869 993 3935 ad
1021 3869 1556 3959 respondendum
1599 3872 1668 3938 in
1699 3872 1973 3941 ecclesia
1998 3882 2355 3939 memorata
2383 3871 2525 3939 dies
2553 3872 2729 3956 talis,
2756 3894 2889 3961 quo
2918 3872 3024 3939 die

595 3971 920 4037 adventus
940 3971 1284 4059 justiciarii
1312 3973 1718 4060 sperabatur.
2842 4052 2846 4055 ,

603 4095 610 4101 ·
687 4072 1095 4140 Adveniente
1152 4074 1351 4161 igitur
1398 4074 1787 4161 justiciario,
1843 4074 1915 4141 in
1950 4115 1957 4122 -
1986 4073 2335 4161 proeseutia
2390 4094 2512 4139 sua
2566 4083 2639 4141 et
2695 4074 3019 4142 dictorum

594 4174 982 4255 cancellarii,
1011 4174 1416 4259 thesaurarii,
1445 4187 1515 4242 et
1542 4176 1798 4244 consilii
1824 4176 2006 4263 regii,
2044 4198 2119 4243 ac
2147 4174 2346 4243 etiam
2390 4197 2741 4263 procerum
2784 4186 2855 4244 et
2896 4197 3020 4243 no-

592 4273 824 4341 bilium
847 4275 1050 4343 totius
1073 4286 1285 4359 terroe,
1307 4278 1656 4366 episcopus
1680 4278 1915 4346 sedens
1938 4301 2059 4365 pro
2081 4276 2391 4344 tribunali
2416 4298 2771 4365 processus
2788 4299 3018 4346 omnes

592 4387 664 4443 et
702 4387 847 4444 acta
887 4389 1116 4445 contra
1159 4380 1540 4467 praedictam
1566 4380 1844 4447 Aliciam
1891 4379 2265 4447 haereticam
2314 4400 2535 4446 coram
2580 4390 2727 4448 toto
2769 4380 3019 4470 populo

587 4482 749 4547 fecit
777 4482 1052 4549 recitari.
1140 4484 1236 4549 Et
1264 4483 1346 4550 de
1367 4483 1701 4551 communi
1722 4503 2047 4549 consensu
2068 4482 2601 4570 jurisperitorum
2628 4482 3014 4550 secularium

589 4593 659 4650 et
687 4584 1161 4671 religiosorum,
1183 4586 1423 4653 dictam
1454 4586 1848 4673 sortilegam,
1876 4608 2152 4673 magam,
2179 4584 2577 4669 haereticam‚
2597 4594 2669 4652 et
2694 4586 3015 4673 relapsam

589 4686 1052 4773 pronunciavit
1086 4688 1335 4774 judicio
1372 4688 1645 4756 seculari
1673 4688 2078 4771 tradendam,
2106 4709 2181 4754 ac
2209 4686 2411 4755 etiam
2454 4686 3012 4755 animadversione

591 4785 814 4853 debita
857 4788 1278 4875 puniendam,
1306 4800 1378 4858 et
1401 4790 1580 4857 bona
1606 4788 1981 4858 confiscata.
2070 4789 2271 4858 Quod
2300 4810 2421 4876 per
2444 4790 2666 4855 literas
2710 4794 3011 4874 patentes

589 4888 802 4976 sigillo
833 4910 954 4955 suo
985 4889 1269 4977 signatas
1311 4891 1675 4980 justiciario
1703 4902 1922 4974 terroe,
1959 4889 2361 4957 thesaurario
2405 4888 2741 4977 soepefato,
2767 4897 2839 4956 et
2862 4910 3013 4957 cus-

676 5011 908 5057 clum.
939 5010 1092 5063 soO.
1707 5040 1714 5047 -
2528 5010 2573 5057 ι
