3867 6400
808 1362 890 1423 16
1140 1371 1648 1421 rnocnnmnos
1679 1368 2001 1415 Amnum·
2032 1367 2243 1414 naus
2276 1371 2499 1416 Amce
2535 1369 2881 1417 xit-ranna

804 1548 1001 1615 quare
1050 1526 1262 1611 ipsam
1319 1545 1456 1589 non
1499 1521 1788 1601 citatam,
1831 1540 1969 1584 non
2016 1517 2360 1601 monitam,
2409 1542 2547 1586 non
2596 1519 2964 1588 convictam
3010 1539 3210 1605 super

805 1630 980 1694 dicto
1038 1625 1330 1705 crimine,
1395 1621 1751 1690 solenniter
1805 1619 2507 1703 excommunicaverat,
2578 1645 2619 1689 a
2675 1643 2805 1709 qua
2862 1621 3210 1700 sententia,

802 1740 1116 1816 tanquam
1171 1727 1254 1794 ab
1311 1726 1538 1814 iniqua
1587 1736 1658 1792 et
1725 1723 1992 1811 injusta,
2047 1721 2217 1789 dixit
2238 1744 2344 1789 use
2401 1725 2763 1812 appellasse
2820 1722 2904 1789 ad
2963 1723 3211 1790 curiam

801 1829 1304 1898 Dublinensem.
1409 1827 1669 1896 Quibus
1727 1826 1832 1894 ‹lie
1874 1835 1945 1892 et
1998 1824 2147 1891 loco
2194 1825 2507 1914 episcopo
2556 1848 2675 1913 per
2724 1834 3211 1915 procuratorem

803 1939 1245 2018 comparente,
1271 1952 1348 1997 ac
1377 1929 1576 1995 etiam
1617 1949 1738 2016 per
1761 1927 1983 1994 literas
2008 1938 2080 1990 et
2110 1926 2463 1993 advocatos
2506 1927 2924 2016 jurisperitos
2950 1924 3213 2014 publice

801 2032 1262 2121 respondente,
1291 2031 1470 2118 quod
1498 2030 1672 2096 dicta
1699 2029 2003 2114 sortilega
2027 2026 2187 2093 alias
2218 2027 2517 2095 convicta
2544 2031 2759 2095 fuerat
2784 2051 3006 2096 coram
3036 2027 3213 2094 dicto

803 2137 1114 2223 episcopo
1143 2133 1225 2201 de
1268 2130 1526 2214 haeresi,
1567 2140 1723 2219 post
1761 2130 1949 2217 cujus
1988 2127 2487 2213 abjurationem,
2521 2129 2698 2195 fama
2741 2129 3006 2216 publica
3034 2150 3215 2197 com

799 2237 1086 2326 pellente
1135 2246 1205 2302 et
1251 2234 1532 2304 testibus
1573 2253 1768 2320 super
1805 2230 1934 2295 hoc
1978 2229 2463 2316 apparentibus,
2493 2229 2841 2317 episcopus
2870 2251 2956 2296 ex
2994 2229 3213 2297 officio

803 2359 1000 2426 super
1019 2337 1286 2403 crimine
1301 2333 1570 2402 haeresis
1599 2341 1822 2400 contra
1835 2331 2049 2418 ipsam
2076 2332 2371 2419 procedit
2388 2333 2469 2400 de
2486 2333 2766 2421 relapsu,
2782 2332 3213 2401 nihilominus
3244 2393 3255 2402 .

802 2439 1040 2528 spretis
1061 2437 1556 2526 allegationibus
1579 2458 1662 2502 ex
1689 2443 1874 2522 parte
1895 2433 2187 2521 episcopi
2214 2435 2589 2522 propositis,
2620 2435 2929 2523 soepefata
2946 2433 3215 2501 domina

801 2541 1108 2626 sortilega
1141 2549 1212 2605 et
1251 2537 1556 2604 hoerctica
1597 2545 1666 2602 et
1709 2557 1896 2620 maga
1944 2531 2145 2600 libere
2188 2534 2592 2623 permittitur
2632 2535 2703 2602 in
2754 2535 3019 2603 civitate
3060 2559 3215 2604 cum

799 2641 1102 2709 fidelibus
1130 2639 1497 2720 convivere,
1525 2635 1999 2704 deducentibus
2028 2657 2173 2705 eam
2204 2637 2560 2706 solenniter
2580 2639 2917 2706 Willelmo
2947 2638 3212 2706 Doucc·

799 2764 1062 2824 manne,
1089 2740 1372 2809 civitatis
1400 2739 1756 2821 Dublinioe,
1783 2749 1852 2804 et
1877 2737 2021 2804 aliis
2066 2739 2559 2827 quamplurimis
2594 2741 2843 2808 clericis
2895 2751 2969 2808 et
3008 2741 3213 2825 laicis,

802 2854 874 2912 et
925 2844 998 2910 in
1053 2841 1458 2910 consistoriis
1526 2839 1807 2930 publicis
1863 2839 2035 2908 inter
2092 2840 2339 2928 primos
2396 2851 2467 2908 et
2510 2844 2801 2930 ‘majores
2858 2843 3217 2911 solenniter

801 2947 1176 3014 collocatur.
1261 2945 1560 3032 Allegato
1605 2942 1804 3030 igitur
1858 2942 2119 3030 publice
2168 2943 2239 3009 in
2286 2944 2691 3012 consistoriis
2742 2946 3215 3036 archiepiscopi

799 3069 924 3136 pro
949 3059 1136 3134 parte
1163 3045 1456 3134 episcopi
1499 3066 1616 3134 per
1645 3045 1993 3111 discretum
2022 3043 2237 3110 virum
2280 3046 2663 3134 magistrum
2690 3047 3099 3115 Willelmum
3130 3049 3215 3116 da

800 3149 1249 3237 Notyngham‚
1289 3147 1768 3236 jurisperitum,
1808 3147 1922 3237 qui
1968 3147 2151 3215 solus
2200 3147 2269 3214 in
2314 3171 2509 3216 causa
2552 3149 2706 3218 fidei
2760 3151 3071 3219 inventus
3110 3161 3215 3219 est

797 3274 998 3318 ausus
1039 3250 1211 3316 inter
1236 3259 1343 3317 tot
1369 3249 1640 3316 adversa
1668 3250 1941 3337 allegare
1969 3265 2038 3316 et
2064 3272 2431 3338 proponere
2459 3251 2637 3341 quod
2674 3252 2743 3319 in
2776 3253 3046 3321 crimine
3073 3264 3213 3321 tam

800 3350 1170 3420 detestabili
1217 3350 1390 3418 sicut
1425 3362 1530 3418 est
1557 3351 1802 3418 crimen
1846 3351 2117 3417 hoeresis
2158 3351 2381 3419 locum
2426 3376 2573 3421 non·
2608 3353 2813 3421 habet
2838 3356 3214 3444 appellatio,

801 3456 1084 3522 maxime
1124 3454 1243 3522 ubi
1283 3476 1405 3541 per
1445 3453 1862 3521 diocesanum
1897 3476 2015 3520 seu
2057 3452 2507 3542 inquisitorem
2544 3456 2759 3543 agitur
2795 3456 2879 3524 de
2929 3458 3213 3544 relapsu,

803 3557 1018 3623 dictus
1061 3566 1284 3624 tamen
1327 3555 1620 3623 officialis
1659 3555 2083 3621 nihilominus
2128 3558 2365 3643 spretis
2409 3556 2905 3676 allegationibus
2949 3582 3213 3627 causam

695 3718 702 3725 .
802 3658 1133 3727 commisit
1167 3658 1365 3725 variis
1406 3658 1892 3739 commissariis,
1943 3669 2211 3746 propter
2246 3660 2424 3747 quod
2462 3660 2719 3747 magnis
2758 3660 3097 3729 laboribus
3144 3671 3217 3777 et

801 3760 1106 3849 expensis
1133 3760 1484 3850 episcopus
1511 3759 1957 3848 multipliciter
1982 3768 2087 3825 est
2112 3760 2411 3829 afflictus.

890 3862 1086 3928 Misit
1132 3862 1334 3929 etiam
1379 3861 1612 3929 codem
1669 3872 1968 3948 tempore
2010 3860 2401 3949 saepedictus
2448 3862 2867 3931 cancellarius
2914 3865 3001 3932 ad
3044 3888 3214 3955 prae·

805 3964 1058 4031 dictum
1101 3962 1486 4050 episcopum
1530 3962 1752 4030 literas
1789 3961 1997 4051 regias
2038 3960 2163 4027 sub
2203 3960 2414 4048 sigillo
2458 3983 2697 4051 magno
2724 3962 2977 4029 domini
3020 3964 3215 4050 regis,

801 4066 886 4133 ad
923 4064 1259 4133 citandum
1297 4064 1581 4132 eundem
1622 4064 1800 4151 quod
1843 4072 2250 4152 compareret
2295 4064 2366 4129 in
2411 4064 2840 4151 parliamento
2876 4065 3212 4133 Dubliniae

801 4191 1020 4236 coram
1057 4165 1420 4256 justiciario
1453 4164 1789 4232 Hibernia
1837 4176 1906 4233 et
1954 4176 2143 4233 terrae
2190 4167 2588 4254 proceribus.
2678 4166 2811 4233 Sed
2861 4166 3213 4255 episcopus

806 4290 1076 4355 sperans
1123 4266 1369 4332 ibidem
1415 4266 1812 4353 adjutorium
1856 4266 1927 4334 in
1974 4290 2173 4335 causa
2218 4268 2370 4335 fidei
2414 4291 2487 4336 se
2527 4268 2909 4336 habiturum
2958 4267 3211 4335 ratione

804 4369 1224 4457 praelatorum
1269 4364 1512 4432 ibidem
1564 4368 2186 4454 congregandorum,
2230 4391 2457 4436 versus
2496 4368 2875 4436 Dubliuiam
2920 4369 3007 4435 ad
3055 4368 3215 4435 arri·

803 4468 1120 4557 piendum
1169 4466 1296 4533 iter
1346 4466 1489 4532 sine
1539 4488 1775 4553 magno
1810 4467 2184 4536 discrimine
2236 4492 2307 4535 se
2354 4470 2629 4557 paravit.
2719 4470 2971 4537 Contra
3015 4492 3213 4557 quem

803 4592 924 4659 per
947 4570 1124 4637 viam
1155 4568 1226 4635 in·
1251 4568 1534 4655 quodam
1579 4578 1785 4656 ponte
1813 4579 2211 4636 armatorum
2248 4568 2502 4638 insidiae
2533 4570 2930 4658 parabantur
2957 4572 3213 4640 occulte

804 4672 888 4739 ad
939 4671 1226 4737 dandum
1281 4669 1494 4736 eidem
1552 4670 1894 4752 insultum,
1952 4694 2069 4760 per
2113 4694 2309 4759 quem
2361 4671 2581 4739 locum
2641 4674 2935 4762 oportuit
2990 4674 3212 4763 ipsum

807 4774 1168 4840 necessario
1210 4772 1508 4855 transire,
1561 4773 1618 4839 si
1660 4783 1880 4839 tamen
1925 4774 2032 4840 via
2079 4774 2257 4861 regia
2308 4774 2583 4841 transire
2628 4776 2844 4843 vellet.
2934 4770 3214 4865 Propter

806 4874 984 4961 quod
1032 4872 1325 4961 oportuit
1351 4874 1735 4964 episcopum
1777 4896 1930 4943 cum
1974 4874 2199 4963 paucis
2235 4876 2557 4943 extraneis
2598 4898 2719 4966 per
2758 4877 2905 4946 loca
2932 4878 3213 4971 deserta,
