3867 6400
1549 1389 1691 1437 ron
1721 1389 2077 1438 sonetur.
2101 1425 2109 1430 .
2152 1413 2159 1421 -
2664 1431 2677 1436 -
2924 1382 3005 1442 31

602 1536 965 1603 advocatus
995 1557 1114 1604 seu
1142 1537 1306 1604 alius
1335 1537 1405 1604 in
1433 1541 1698 1628 negotio
1726 1541 1881 1609 fidei
1920 1541 2271 1630 impediret
2297 1541 2541 1611 directe
2567 1544 2673 1610 vel
2706 1543 3019 1614 indirecte

605 1638 731 1706 sub
791 1661 990 1728 poena
1047 1640 1740 1710 excommunicationis
1798 1643 2086 1729 majoris,
2145 1665 2339 1731 quam
2396 1644 2469 1711 in
2526 1645 2786 1734 scriptis
2846 1647 3017 1714 tulit.

601 1741 867 1809 Deinde
897 1743 1182 1829 capitula
1225 1765 1422 1830 super
1454 1753 1842 1832 contemptu
1869 1743 2155 1811 clavium
2194 1745 2483 1814 eeclesiae
2511 1749 2595 1816 de
2636 1749 3021 1836 poenitentia

602 1869 741 1913 non
769 1848 943 1914 faeta
971 1848 1214 1936 objecit
1233 1849 1448 1915 eidem
1475 1849 1832 1930 willelmo,
1859 1857 1929 1916 et
1956 1871 2156 1936 super
2181 1850 2443 1937 relapsu
2471 1851 2685 1937 quoad
2713 1851 3019 1920 articulos

603 1950 1042 2018 confessatos.
1147 1951 1281 2018 Sed
1325 1951 1660 2018 advocatis
1705 1973 1746 2018 c
1787 1951 2117 2018 contrario
2160 1950 2591 2040 allegantibus
2635 1955 2813 2040 quod
2866 1979 3019 2044 pro-

605 2051 978 2120 cedendum
1056 2054 1272 2142 primo
1335 2063 1515 2120 esset
1579 2053 1775 2140 juxta
1844 2061 2185 2134 retroacta,
2238 2054 2582 2142 respondit
2635 2055 2980 2146 episeopus
2995 2081 3020 2125 ε

605 2159 649 2192 “
683 2155 934 2243 Utique
985 2157 1454 2224 rationabiliter
1499 2157 1834 2246 peteretis,
1877 2157 1935 2224 si
1984 2157 2055 2224 in
2102 2155 2337 2224 eodem
2382 2165 2562 2223 statu
2608 2167 2783 2224 esset
2826 2180 3025 2226 causa

605 2256 726 2323 ubi
773 2259 903 2325 fuit
947 2259 1259 2343 dimissa3
1303 2283 1532 2328 verum
1582 2261 1735 2349 quia
1777 2281 1957 2328 nunc
2006 2259 2223 2348 agitur
2261 2258 2345 2325 de
2385 2255 2667 2344 relapsu,
2710 2265 2781 2324 et
2806 2261 3025 2347 quoad
3168 2309 3175 2314 -

605 2358 819 2425 multa
849 2371 1169 2450 apparent
1193 2360 1352 2430 novi
1393 2371 1620 2446 testes,
1649 2363 1761 2451 qui
1806 2361 1991 2450 prius
2032 2383 2171 2430 non
2214 2357 2635 2449 apparebant,
2661 2369 2733 2426 et
2754 2362 3026 2430 ccclesia

608 2465 836 2553 plures
883 2464 1127 2532 babere
1175 2465 1402 2548 credit,
1453 2487 1592 2533 non
1639 2465 1901 2533 videtur
1931 2464 2125 2532 nobis
2166 2464 2345 2552 quod
2391 2462 2617 2530 statim
2666 2463 2754 2530 sit
2788 2465 3025 2534 admit-

608 2567 813 2632 tenda
839 2567 1162 2655 purgatio,
1190 2567 1308 2634 sed
1353 2567 1423 2634 in
1449 2577 1586 2636 tam
1631 2567 1833 2636 arduo
1871 2567 2135 2656 negotio
2165 2565 2444 2654 amplius
2473 2565 3023 2636 deliberandum?

607 2670 910 2736 Tandem
952 2680 1110 2756 post
1133 2669 1394 2757 longam
1422 2668 1907 2737 altercationem
1948 2669 2121 2736 inter
2146 2668 2528 2755 episcopum
2558 2677 2629 2734 et
2654 2667 3025 2752 advocatos,

612 2771 790 2840 diem
849 2773 1230 2861 petiverunt
1282 2773 1612 2862 prolixum
1669 2773 1754 2840 ad
1810 2771 2301 2840 deliberandum
2356 2779 2427 2836 et
2494 2769 3023 2858 respondendum

613 2875 834 2961 quoad
875 2875 1236 2963 praemissa,
1283 2877 1660 2964 proximum
1705 2876 1952 2944 scilicet
1993 2875 2167 2942 diem
2204 2872 2560 2962 juridicum
2597 2883 2761 2962 post,
2781 2875 3023 2944 festum

617 2975 846 3044 Sancti
899 2977 1186 3044 Hillariia
1291 2976 1494 3046 Quod
1551 2977 1823 3044 audiens
1880 2975 2229 3064 episcopus
2290 2984 2623 3064 gratanter
2682 2978 3027 3060 concessit,

615 3079 956 3145 silentium
1005 3088 1254 3144 extunc
1291 3077 1362 3144 in
1402 3100 1598 3145 causa
1637 3077 1906 3146 hoeresis
1952 3079 2301 3165 imponens
2345 3077 2677 3145 advocatis
2720 3077 2846 3147 sub
2888 3101 3027 3168 poe—

614 3180 722 3249 nis
767 3180 841 3247 in
889 3179 1046 3269 jure
1087 3177 1439 3247 contentis.
1526 3179 1644 3246 Et.
1663 3179 1816 3267 quia
1869 3180 2202 3270 pendente
2258 3181 2523 3269 negotio
2562 3179 2717 3249 fidei
2760 3181 3041 3251 ecclesia·

615 3305 846 3351 secura
895 3282 1094 3349 debet
1137 3303 1282 3349 esse
1333 3281 1417 3350 de
1459 3304 1760 3369 persona,
1811 3282 2036 3349 statim
2080 3282 2393 3349 ministris
2442 3282 2749 3351 omnibus
2790 3284 3027 3372 juratis

613 3386 930 3475 praecepit
961 3384 1030 3450 in
1057 3384 1302 3451 virtute
1327 3385 1685 3473 juramenti
1721 3384 1999 3473 proestiti
2028 3386 2203 3473 quod
2247 3397 2557 3475 caperent
2586 3409 2823 3475 corpus
2867 3387 3029 3455 dicti

617 3487 940 3555 willelmi
990 3486 1131 3553 sine
1181 3508 1385 3568 mors,
1435 3496 1507 3553 et
1553 3488 1869 3555 ducerent
1912 3487 1998 3554 ad
2042 3510 2363 3555 carcerem
2398 3488 2594 3555 castri
2634 3488 3029 3575 Kilkennh,

616 3592 866 3658 ibidem
909 3591 1092 3657 salvo
1119 3590 1627 3658 custodiendum
1661 3591 1870 3659 donec
1897 3590 2235 3679 negotium
2265 3591 2417 3658 fidei
2454 3592 2813 3660 secundum
2853 3594 3033 3681 judi-2

618 3694 796 3762 cium
826 3692 1116 3760 ecelesioe
1145 3693 1316 3760 foret
1343 3692 1788 3761 terminatum.
1877 3694 2033 3776 Qui,
2072 3692 2392 3781 disposita
2417 3693 2617 3762 domo
2636 3718 2775 3779 sua,
2802 3696 3033 3763 eadem

619 3806 818 3863 nocte
869 3795 1302 3864 incarceratus
1353 3804 1476 3877 est,
1521 3805 1592 3861 et
1633 3796 1707 3861 in
1755 3793 2186 3883 compedibus
2234 3797 2458 3863 ferreis
2505 3796 2897 3880 vinculatus,
2944 3798 3031 3866 ad

623 3899 815 3985 cujus
855 3896 1225 3965 custodiam
1271 3896 1552 3963 fideliter
1579 3895 1945 3965 faciendam
1981 3897 2185 3985 jurati
2232 3908 2393 3965 sunt
2418 3898 2724 3967 custodes
2758 3900 3031 3969 carceris

621 4024 756 4065 una
785 4022 938 4066 cum
967 3998 1228 4066 duobus
1275 3997 1724 4066 sacerdotibus
1752 3998 1838 4066 ad
1861 4000 1995 4068 boc
2037 4022 2157 4088 per
2184 3999 2575 4089 episcopum
2598 4000 2925 4091 deputatis
2960 4014 3034 4071 et

617 4103 860 4190 juratis
913 4102 1275 4169 secundum
1323 4102 1604 4169 formam
1641 4102 2133 4168 constitutionis
2180 4102 2472 4184 novella,
2518 4104 2625 4169 Ex
2674 4105 3031 4172 multorum

624 4206 932 4294 querelis,
972 4206 1162 4292 cujus
1205 4204 1462 4292 copiam
1509 4205 1592 4272 de
1620 4202 1822 4271 verbo
1857 4204 1939 4271 ad
1968 4198 2243 4271 uerbum
2280 4204 2450 4272 tradi
2492 4204 2649 4272 fecit
2682 4206 3033 4297 episcopus

623 4308 1013 4376 custodibus
1031 4304 1155 4373 sub
1179 4305 1389 4393 sigillo
1411 4328 1556 4373 suo.
1647 4304 1814 4373 Haec
1832 4306 2065 4373 videns
2086 4306 2523 4379 cancellarius.
2543 4330 2759 4375 coram
2786 4312 3035 4399 populo

627 4432 700 4478 se
737 4410 1076 4477 excusavit
1109 4407 1288 4497 quod
1331 4406 1402 4474 in
1447 4408 1736 4476 favorem
1777 4410 1920 4496 ejus
1960 4408 2046 4475 ad
2091 4408 2312 4476 locum
2355 4408 2543 4476 illum
2585 4433 2723 4480 non
2748 4424 3035 4499 venerat,

626 4522 700 4579 et
758 4512 939 4599 quod
1009 4511 1082 4577 in
1149 4509 1385 4578 hoeresi
1455 4520 1685 4577 contra
1733 4508 2075 4577 ecclesiam
2122 4508 2370 4597 ipsum
2436 4510 2656 4579 fovere
2724 4536 2861 4581 non
2929 4516 3035 4583 in-

625 4612 966 4681 tendebat.
1341 4670 1349 4675 .
1387 4670 1394 4677 .
2048 4618 2055 4623 ’

720 4717 870 4781 Hac
919 4716 1149 4783 eadem
1201 4715 1307 4783 die
1351 4715 1696 4783 combusta
1749 4716 1878 4782 fuit
1924 4714 2279 4781 Petronilla
2299 4704 2305 4711 ’
2326 4714 2411 4783 de
2460 4716 2673 4783 Midia
2711 4717 3038 4807 hoeretica,

631 4841 768 4885 una
811 4818 895 4884 dc
947 4816 1286 4885 sodalibus
1325 4818 1516 4886 dictae
1551 4816 1834 4885 dominoe
1867 4816 2117 4897 Micia,
2166 4838 2311 4905 qum
2359 4828 2701 4905 postquam
2752 4820 2881 4890 fuit
2920 4845 3038 4890 sex

628 4920 886 4989 vicibus
929 4940 1048 5007 per
1075 4920 1456 5007 episcopum
1501 4942 1624 5007 pro
1668 4918 1806 4985 suis
1851 4918 2197 5005 sortilegiis
2238 4919 2566 5007 fustigata,
2609 4918 2875 4993 demum
2923 4925 3041 4994 de-

3200 4971 3292 4997 -κ
