3867 6400
1596 1401 1739 1450 roa
1768 1403 2126 1451 soacsar.
2397 1401 2412 1410 ·
2543 1401 2552 1407 ·
2623 1401 2706 1443 53:
2967 1389 3056 1468 37

636 1545 957 1614 orientem
984 1571 1139 1615 cum
1164 1551 1413 1638 capella
1436 1551 1649 1619 beatae
1676 1553 1951 1640 virginis
1979 1554 2266 1642 perfecte
2292 1554 2376 1622 de
2391 1551 2678 1642 plumbo
2706 1551 3058 1642 cooperiet,

638 1671 791 1714 cum
850 1651 1157 1718 omnibus
1228 1655 1369 1720 suis
1426 1655 1865 1756 adminiculis,
1920 1656 2092 1721 infra
2145 1667 2428 1743 quatuor
2481 1680 2691 1725 annos
2753 1657 3058 1744 proximo

640 1763 1009 1837 sequentes.
1094 1755 1193 1821 Et
1256 1757 1341 1822 ad
1402 1757 1769 1824 faciendam
1844 1758 2283 1839 securitatem,
2345 1757 2600 1826 invenit
2656 1759 2740 1826 de
2797 1757 3056 1825 duabus

638 1853 991 1920 ecclesiis⁰
968 1879 1043 1922 m
1084 1857 1381 1941 Ossoria‚
1430 1860 1679 1926 scilicet
1707 1860 2158 1949 Balygaveran
2207 1869 2278 1924 et
2307 1859 2681 1948 Gavilmoy,
2721 1883 2873 1926 cum
2917 1860 3057 1927 suis

638 1957 903 2076 capellis
942 1981 1065 2047 pro
1094 1960 1341 2027 decano
1370 1971 1442 2029 et
1464 1963 1777 2050 capitulo,
1804 1984 1960 2028 cum
1999 1962 2454 2028 instrumentis
2497 1961 2790 2048 sigillatis
2829 1960 3056 2049 sigillis

636 2059 875 2145 prioris
934 2071 1005 2128 et
1060 2063 1552 2130 communitatis
1606 2063 1956 2151 hospitalis
2013 2063 2218 2131 totius
2269 2061 2653 2151 Hybemiae,
2709 2084 2872 2150 quas
2928 2060 3058 2150 ipsi

640 2171 870 2230 tenent
910 2165 979 2231 in
1022 2167 1323 2255 proprios
1365 2189 1551 2249 usus,
1590 2165 1717 2232 sub
1759 2167 1879 2232 tali
1926 2176 2122 2254 pacto
2165 2165 2341 2253 quod
2389 2163 2520 2230 nisi
2559 2165 2730 2230 intra
2777 2174 3057 2250 quatuor

636 2285 844 2332 annos
886 2267 1067 2354 prior
1092 2291 1263 2356 opus
1302 2270 1591 2356 perfecte
1618 2269 2066 2357 compleverit,
2093 2265 2527 2334 remanebunt
2553 2267 2744 2333 dictis
2771 2265 3057 2334 ecclesio

636 2387 788 2432 cum
838 2389 1061 2435 earum
1108 2371 1432 2437 fructibus
1482 2371 1734 2438 decano
1783 2380 1855 2437 et
1904 2368 2191 2456 capitulo
2237 2391 2358 2456 per
2397 2367 2624 2436 decem
2673 2392 2886 2437 annos
2934 2392 3056 2459 pro

634 2468 1005 2555 quingentis
1062 2472 1322 2554 marcis,
1369 2494 1519 2560 quse
1568 2483 1793 2539 tamen
1852 2472 1940 2539 ad
1989 2495 2220 2540 verum
2265 2471 2583 2553 valorem,
2626 2479 2706 2538 ut
2751 2473 3057 2557 creditur,

633 2570 849 2638 valere
890 2585 1176 2660 possunt
1214 2576 1394 2642 mille
1424 2597 1697 2642 marcas.
1784 2574 2038 2641 Habita
2077 2573 2277 2660 igitur
2304 2594 2504 2658 super
2537 2572 2668 2640 hoc
2709 2573 3058 2642 sufficienti

633 2673 1000 2756 securitate,
1050 2676 1325 2742 accessit
1372 2675 1725 2764 episcopus
1776 2676 1859 2741 ad
1907 2676 2128 2742 locum
2177 2673 2476 2756 carceris,
2529 2683 2599 2740 et
2644 2697 2686 2740 a
2733 2676 3058 2742 sententis

633 2777 1323 2844 excommunicationis
1372 2801 1569 2865 quam
1618 2778 1980 2845 incurrerat
2027 2777 2492 2843 incarceratus.
2513 2787 2784 2864 propter
2829 2777 3074 2843 defem—
3145 2843 3153 2850 .

632 2875 911 2958 sionem,
946 2879 1479 2965 receptationem,
1517 2889 1588 2947 et
1613 2882 1905 2946 favorem
1930 2879 2410 2960 haereticorum,
2440 2876 2722 2944 absolvit
2747 2878 3054 2962 eundem,

631 2987 780 3067 ipso
824 2981 1251 3046 nihilominus
1308 2981 1381 3047 in
1430 3003 1685 3048 carcere
1726 2978 2016 3048 ecclesiae
2059 2989 2129 3046 et
2169 2978 2600 3067 compedibus
2647 3001 2908 3067 semper
2945 3001 3051 3048 ιτς

635 3093 942 3148 manente
962 3084 1174 3150 donec
1194 3083 1553 3170 principale
1574 3081 1913 3170 negotium
1934 3081 2092 3148 fidei
2111 3084 2281 3150 foret
2299 3083 2766 3149 terminatum:
2817 3112 2848 3142 .·
3031 3100 3038 3113 ·

718 3184 1307 3274 Appropinquante
1348 3184 1550 3273 igitur
1584 3194 1885 3274 tempore
1939 3185 2344 3273 purgationis
2388 3184 2551 3253 dicti
2587 3183 2929 3268 willelmi,
2969 3208 3054 3259 ne

634 3299 902 3375 propter
921 3288 1251 3355 defectum
1278 3288 1494 3355 mutui
1514 3288 1821 3374 colloquii
1841 3310 1996 3355 cum
2017 3286 2242 3354 amicis
2271 3286 2409 3353 suis
2431 3287 2515 3353 de
2550 3308 2688 3351 non
2712 3289 3053 3373 purgando

636 3411 709 3455 se
727 3390 941 3475 possit
968 3412 1301 3473 excusare,
1320 3390 1505 3456 misit
1524 3390 1609 3455 ad
1630 3411 1783 3456 eum
1806 3390 2158 3478 episcopus
2184 3411 2304 3476 per
2320 3388 2546 3456 literas
2573 3411 2724 3453 suas
2751 3399 3053 3475 patentes

632 3514 711 3557 ac
732 3490 928 3557 etiam
964 3514 1085 3578 per
1102 3514 1337 3558 manus
1360 3494 1641 3559 duorum
1661 3484 2128 3559 canonicorum
2148 3491 2418 3559 ecclesie
2448 3490 2854 3573 cathedralis,
2874 3493 3056 3580 quod

632 3594 778 3681 ipse
796 3616 1109 3681 personas
1130 3603 1236 3661 tot
1254 3604 1323 3661 et
1342 3596 1567 3681 quales
1588 3594 1731 3682 ipse
1752 3594 1954 3661 vellet
1973 3593 2057 3659 de
2079 3602 2222 3659 tota
2242 3592 2519 3661 Ossoria
2537 3594 2620 3659 ad
2639 3594 3054 3682 purgandum

632 3697 901 3764 idoneas
950 3694 1163 3762 eidem
1214 3697 1627 3778 nominaret‚-
1653 3706 1727 3763 et
1772 3696 1918 3784 ipse
1963 3695 2236 3763 liberam
2287 3696 2620 3763 licentiam
2669 3697 3056 3765 concederet

632 3798 845 3865 eidem
895 3798 981 3864 ad
1028 3799 1443 3865 tractandum
1498 3810 1571 3865 et
1618 3799 2128 3886 colloquendum
2177 3820 2329 3864 cum
2378 3795 2629 3864 eisdem
2685 3806 2910 3885 super'
2933 3805 3074 3865 stis.

628 3901 1013 3989 purgatione
1042 3900 1358 3983 facienda,
1380 3900 1575 3988 juxta
1594 3903 1877 3967 formam
1904 3911 2128 3967 tamen
2157 3898 2648 3967 constitutionis
2675 3900 3052 3987 apostolico

632 4003 1007 4091 praelibatre.
1095 4001 1231 4070 Qui
1278 4013 1437 4090 post
1491 4013 1811 4071 tractatus
1868 4012 1941 4071 et
1993 4002 2318 4089 colloquia
2367 4002 2577 4068 multa
2624 4000 2850 4068 habita
2897 4009 3050 4069 cum

633 4105 882 4172 eisdem
938 4127 1057 4193 per
1106 4128 1178 4172 se
1222 4116 1294 4172 et
1349 4129 1507 4174 suos
1563 4107 1843 4175 nuncios
1894 4106 2232 4194 speciales,
2283 4104 2700 4191 perpendens
2752 4104 2931 4193 quod
2977 4106 3050 4172 iu

632 4210 1016 4298 purgatione
1046 4208 1371 4290 deficeret,
1422 4231 1503 4276 eo
1530 4210 1711 4296 quod
1754 4210 2152 4277 sufficientes
2203 4218 2272 4275 et
2315 4208 2592 4276 idoneos
2635 4231 2774 4275 non
2821 4215 3051 4295 posset

632 4312 923 4380 invenire
972 4322 1531 4429 compurgatores,
1588 4312 1940 4379 attendens
1997 4312 2196 4379 etiam
2253 4312 2434 4397 quod
2505 4309 2810 4379 ecclesia
2826 4308 3046 4398 quoad

635 4414 843 4481 multa
877 4422 948 4480 et
983 4414 1205 4501 gravia
1242 4424 1475 4480 contra
1501 4436 1657 4480 eum
1700 4413 2102 4481 sufficientes
2142 4410 2417 4479 haberet
2456 4411 2900 4500 probationes,
2943 4412 3050 4480 die

632 4518 1037 4606 purgationis
1096 4538 1233 4583 suoe
1291 4516 1701 4584 adveniente
1730 4526 1802 4583 et
1872 4513 2282 4605 probationis
2339 4536 2426 4580 ex
2495 4524 2682 4602 parte
2739 4513 3070 4633 eccle-siaa.

633 4619 943 4708 episcopo
974 4617 1244 4686 sedente
1272 4642 1393 4707 pro
1423 4618 1757 4702 tribunali,
1784 4629 2042 4685 astante
2071 4618 2200 4685 sibi
2229 4616 2386 4701 cleri
2413 4626 2484 4684 et
2508 4616 2739 4704 populi
2765 4614 3048 4682 maxims

634 4720 1075 4802 multitudine,
1102 4720 1251 4808 ipso
1279 4722 1350 4787 in
1383 4720 1710 4809 judicium
1753 4720 1837 4786 de
1864 4741 2120 4786 carcere
2149 4727 2446 4800 evocato,
2473 4717 2822 4804 objiciente
2849 4715 3049 4803 igitur

634 4820 943 4908 episcopo
975 4832 1052 4888 ut
1092 4822 1300 4910 prius,
1328 4833 1398 4890 et
1422 4821 1872 4890 continuando
1902 4840 2282 4907 processum
2319 4820 2514 4906 juxta
2539 4824 2878 4898 retroacta,
2905 4816 3049 4904 ipse

634 4923 883 4991 statim.
916 4946 1133 4992 coram
1154 4926 1465 4993 omnibus
1492 4925 1840 5012 respondit
1856 4946 1877 4989 a
1920 4928 1967 4963 “
1996 4920 2350 5003 Domine‚”
2377 4920 2615 5006 inquit,
2643 4923 2688 4957 “
2719 4918 3052 5007 episcope,
