3867 6400
1575 1354 1718 1401 ron.
1747 1353 2104 1404 sonetur.
2325 1357 2335 1364 ’
2954 1341 3034 1402 18

614 1503 888 1574 Ar'naldi
917 1503 1307 1586 «assuerum,
1333 1503 1488 1591 quia
1527 1513 1691 1572 tunc
1729 1505 2043 1594 temporis
2087 1503 2483 1572 senescallus
2520 1514 2662 1572 erat
2688 1503 3040 1572 comitatus

619 1609 702 1674 de
733 1607 1032 1693 Carhgh,
1061 1616 1130 1674 et
1155 1607 1402 1673 ibidem
1431 1607 1678 1674 curiam
1709 1631 1896 1674 suam
1925 1618 1996 1674 et
2030 1607 2271 1696 placita
2298 1607 2559 1695 publice
2588 1606 3039 1674 continuabat.

621 1710 752 1776 Sed
803 1709 1088 1776 decanus
1147 1709 1559 1796 supradictus
1617 1717 1689 1776 et
1739 1707 2041 1789 vicarius,
2090 1707 2511 1776 excusatione
2556 1709 2849 1797 episcopi
2904 1730 3045 1776 non

621 1812 906 1878 admissu
949 1811 1066 1878 sed
1109 1811 1368 1898 repulsa
1405 1811 1474 1876 in
1519 1811 1812 1878 favorem
1857 1811 2019 1877 dicti
2062 1809 2315 1877 domini
2338 1809 2636 1891 Arnaldi,
2678 1833 2796 1898 per
2822 1811 3045 1878 literas

625 1937 777 1982 suas
833 1921 1134 2000 putentes
1191 1911 1614 1979 interdictum
1671 1913 1989 1980 relaxavit
2035 1912 2445 2001 proedietum.
2551 1913 2775 1995 Quod,
2818 1913 3049 2002 utique

625 2015 799 2083 sieut
843 2014 1268 2102 postmodum
1321 2014 1636 2101 episeopo
1679 2013 1926 2100 retulit,
1976 2013 2162 2080 nullo
2210 2012 2409 2080 modo
2451 2012 2719 2080 fecisset
2756 2013 2813 2080 si
2862 2013 2925 2080 ei
2962 2015 3047 2082 de

625 2117 900 2184 veritate
929 2125 1000 2182 et
1033 2115 1316 2184 maxime
1362 2115 1434 2181 in
1473 2137 1671 2183 causa
1699 2115 1876 2196 fidei,
1919 2124 1999 2182 ut
2037 2115 2463 2202 postmodum
2510 2115 2747 2203 patuit,
2793 2115 3051 2203 plenius

628 2219 1054 2286 constitisset.
1127 2219 1134 2228 ’
1523 2267 1536 2280 .

715 2320 890 2387 Cum
943 2319 1144 2407 igitur
1171 2319 1386 2386 dictus
1441 2319 1840 2386 senescallus
1890 2319 2213 2386 libertatis
2255 2319 2652 2404 Kilkenniae,
2694 2321 2801 2389 die
2844 2321 3054 2388 Luna

629 2425 928 2515 proxima
982 2432 1140 2510 post
1184 2421 1452 2490 octabas
1499 2422 1772 2489 Pascboe
1813 2445 1991 2491 anno
2032 2422 2285 2489 domini
2336 2423 2469 2489 ΜΦ.
2498 2435 2647 2490 ccc⁰
2686 2424 2945 2512 xxiiij·.,
2984 2423 3057 2490 in

631 2529 893 2596 civitate
942 2524 1315 2592 Kilkenniae
1361 2524 1432 2590 in
1479 2523 1628 2590 aula
1657 2523 1952 2610 ejusdem
1996 2523 2289 2610 judiciali
2342 2545 2459 2590 sua
2504 2533 2759 2592 teneret
2802 2525 3061 2613 placita,

633 2653 850 2699 coram
900 2629 1044 2717 ipso
1071 2627 1388 2694 militibus
1419 2626 1752 2708 omnibus,
1781 2626 2139 2708 nobilibus,
2167 2637 2237 2694 et
2264 2627 2406 2695 aliIs
2448 2627 2652 2694 libere
2680 2627 3059 2696 tenentibus

633 2733 902 2800 insimul
957 2727 1358 2810 convocatis,
1405 2727 1696 2794 decrevit
1753 2728 2104 2817 episcopus
2156 2752 2309 2797 cum
2366 2731 2642 2797 consilio
2700 2731 3059 2820 peritorum

637 2838 788 2905 cleri
842 2834 944 2902 sui
995 2854 1191 2922 super
1235 2831 1594 2919 praemissis
1652 2832 2093 2900 invocandum
2142 2832 2228 2899 ab
2272 2831 2422 2920 ipso
2458 2843 2529 2898 et
2576 2833 2891 2900 ministris
2934 2834 3063 2900 rei·

636 2939 918 3028 publicoe
944 2935 1260 3002 auxilium
1304 2932 1554 3019 brach-ii
1603 2933 1934 3014 secularis,
1980 2933 2067 2998 ad
2104 2935 2279 3022 quod
2330 2933 2703 3003 faciendum
2744 2935 3065 3024 premisit

639 3041 976 3129 religiosos
1003 3038 1178 3104 viros
1207 3036 1494 3126 priorem
1523 3037 1800 3102 fratrum
1829 3036 2354 3124 praedicstorurn‚
2380 3039 2763 3126 gardianum
2790 3035 3063 3106 fratrum

641 3145 966 3213 minorum
1021 3141 1418 3222 Kilkenniae‚
1476 3163 1630 3208 cum
1689 3161 1918 3208 eorum
1978 3141 2199 3224 sociis,
2253 3153 2489 3230 petens
2546 3165 2668 3231 per
2710 3143 2977 3212 eosdem
3022 3165 3067 3211 a

642 3248 818 3315 dieto
865 3244 1219 3314 senescallo
1267 3244 1538 3310 sedente
1583 3266 1708 3329 pro
1755 3241 2086 3325 tribunali,
2133 3244 2313 3331 quod
2370 3244 2547 3311 idem
2598 3245 2944 3334 episcopus
2992 3246 3063 3313 in

644 3368 839 3417 causa
877 3349 1030 3417 fidei
1072 3357 1141 3414 et
1181 3345 1471 3413 ecclesia
1504 3342 1708 3412 verba
1758 3344 2063 3431 quaedam
2106 3354 2335 3431 posset
2366 3346 2583 3413 dicere
2624 3368 2843 3415 coram
2894 3348 3067 3437 ipso,

646 3451 1000 3533 nobilibus,
1043 3462 1112 3517 et
1157 3449 1428 3537 populo,
1473 3446 1888 3535 parochianis
1935 3446 2074 3511 suis
2120 3446 2367 3513 ibidem
2412 3448 2845 3537 congregatis.
2932 3450 3069 3520 Qui

643 3556 992 3623 redeuntes
1042 3552 1126 3619 ad
1169 3550 1554 3638 episcopum
1606 3570 1690 3615 ex
1741 3556 1926 3635 parte
1972 3548 2133 3615 dicti
2192 3550 2531 3616 senescalli
2588 3552 3069 3639 responderunt

647 3656 824 3746 quod
868 3654 1214 3743 episcopus
1259 3650 1474 3717 aulam
1509 3648 1890 3738 judicialem
1935 3672 2073 3717 non
2114 3650 2392 3717 intraret
2438 3652 2569 3718 nisi
2612 3674 2736 3720 suo
2780 3654 3069 3742 periculo

645 3759 783 3825 ullo
822 3756 1040 3825 modo.
1148 3751 1347 3823 Quod
1393 3743 1744 3839 episcopus
1791 3751 2092 3833 audiens,
2140 3754 2187 3789 “
2216 3750 2477 3835 Absit?
2528 3753 2764 3841 inquit,
2806 3760 2855 3797 “
2880 3766 2961 3827 ut
2998 3756 3093 3825 in‘

650 3884 846 3929 causa
888 3859 1042 3927 fidei
1088 3857 1189 3924 vir
1237 3854 1714 3923 ecclesiasticus
1771 3852 1986 3919 minas
2032 3852 2341 3943 judicum
2398 3854 2629 3923 timere
2680 3856 2919 3928 debeat
2965 3860 3071 3929 vel

650 3972 926 4029 terrores
947 3962 1014 4027 1³⁹
1070 3960 1163 4026 Et
1191 3956 1412 4024 statim
1442 3954 1926 4043 pontificalibus
1948 3956 2245 4039 indutus,
2268 3979 2505 4045 corpus
2525 3958 2771 4025 Christi
2798 3966 3071 4049 portans

651 4063 721 4129 in
771 4062 1072 4129 manibus
1132 4058 1486 4126 solenniter
1533 4057 1606 4121 in
1654 4077 1810 4121 vase
1859 4056 2169 4124 deaurato
2216 4080 2367 4125 cum
2416 4060 2877 4145 luminaribusj
2918 4086 3071 4131 cum

655 4165 846 4232 dictis
891 4164 1103 4251 priore
1152 4171 1222 4229 et
1270 4160 1412 4226 aliis
1451 4158 1741 4247 quinque
1787 4158 2097 4224 fratribus
2148 4158 2231 4225 de
2273 4158 2505 4228 ordine
2546 4163 3074 4250 praedicatorum,

652 4268 962 4356 gurdiano
997 4268 1076 4333 'et
1116 4264 1257 4331 aliis
1301 4262 1590 4350 quinque
1617 4257 1925 4325 fratribus
1976 4259 2061 4326 de
2098 4258 2327 4327 ordine
2368 4262 2720 4348 minorum,
2760 4289 2839 4335 uc
2874 4268 3077 4337 etiam

656 4354 1002 4458 capellanis
1044 4368 1180 4434 suis
1230 4376 1300 4433 et
1349 4364 1620 4445 clericis,
1657 4361 1980 4451 processit
2034 4361 2118 4428 ad
2168 4361 2455 4429 tribunal
2499 4364 2659 4433 dicti
2716 4370 3075 4438 senescalli.

660 4472 789 4539 cui
821 4482 976 4560 post
1001 4472 1367 4559 ingressum
1395 4467 1560 4535 aulus
1589 4466 1930 4534 obviantes
1961 4465 2227 4553 quidam
2256 4464 2509 4534 nobiles
2537 4468 2969 4540 inhibuerunt
2990 4492 3077 4539 ex

658 4584 844 4662 parte
872 4574 1030 4641 dicti
1075 4571 1407 4641 senescalli
1459 4592 1544 4637 ne
1573 4568 1847 4636 ulterius
1889 4569 2407 4658 progrederetur,
2450 4571 2664 4639 minas
2704 4594 2931 4661 grave,
2972 4575 3079 4642 in.

661 4686 990 4743 tentantes
1033 4676 1266 4744 eidem.
1357 4673 1620 4743 Quibus
1661 4673 2009 4761 episcopus
2058 4672 2435 4758 respondite
2478 4678 2527 4713 “
2550 4674 2814 4756 Absit?
2838 4676 3077 4763 inquit,

660 4782 704 4817 “
734 4777 910 4864 quod
939 4799 1131 4844 causa
1159 4778 1313 4845 fidei
1341 4777 1512 4844 inter
1538 4788 1645 4844 tot
1673 4775 2061 4843 christianos
2090 4782 2387 4862 tepescat
2411 4776 2517 4843 vel
2558 4786 2783 4864 pereat
2808 4789 3077 4867 propter

663 4878 874 4945 minas
898 4878 960 4944 !'’
1023 4880 1406 4946 Ascendens
1459 4878 1658 4966 igitur
1703 4878 2051 4966 episcopus
2102 4888 2479 4944 constanter
2520 4879 2607 4945 ad
2651 4878 2963 4964 tribunal,
3006 4892 3079 4951 et
