3867 6400
790 1399 877 1462 24
1127 1410 1639 1459 Pnocznnmos
1670 1409 1994 1457 Acamas·
2022 1412 2233 1456 DARE
2265 1412 2487 1458 Amen
2519 1412 2869 1459 ruffinum

789 1562 917 1634 sub
961 1562 1138 1628 salva
1165 1560 1461 1628 custodia
1502 1582 1941 1642 remansuros,
1984 1561 2193 1627 donec
2238 1561 2616 1648 hujusmodi
2664 1562 2997 1650 negotium
3044 1557 3199 1626 fidei

790 1688 909 1755 per
929 1665 1214 1733 ecclesioe
1233 1663 1556 1751 judicium
1579 1665 1961 1730 terminetur
1984 1666 2345 1731 secundum
2374 1665 2839 1732 ecclesiasticas
2867 1663 3198 1730 libertates

795 1780 864 1834 et
894 1766 1395 1834 constitutiones
1441 1767 1725 1854 papales,
1756 1791 2028 1856 quarum
2058 1793 2191 1834 una
2217 1769 2653 1857 proesentibus
2696 1778 2801 1836 est
2828 1767 3199 1854 conjuncta,

795 1871 1223 1937 accelerantes
1281 1870 1339 1935 si
1392 1871 1607 1958 placet
1660 1872 2039 1958 hujusmodi
2102 1873 2435 1959 negotium
2489 1869 2665 1953 fidei,
2722 1879 2793 1936 et
2848 1875 3199 1934 tractantes

785 1971 1118 2050 secretius,
1167 1993 1252 2037 ne
1296 1993 1415 2058 per
1460 1970 1858 2059 subterfugia
1909 1973 2298 2061 hujusmodi
2354 1994 2651 2060 personae
2695 1971 2767 2035 in
2819 1967 3195 2036 scandalum

784 2073 938 2140 fidei
993 2084 1064 2140 et
1120 2073 1408 2140 ecclesioe
1462 2075 1725 2161 possint
1780 2075 2053 2162 evagari.
2148 2075 2231 2140 In
2282 2076 2468 2161 cujus
2524 2071 2965 2161 requisitionis
3010 2068 3197 2136 testi-

787 2174 1107 2256 monium,
1129 2174 1410 2260 sigillum
1435 2186 1736 2242 nostrum
1763 2176 2197 2263 praesentibus
2225 2183 2330 2242 est
2347 2198 2732 2268 appensum.
2818 2175 2996 2244 Data
3022 2170 3199 2259 apud

784 2277 1068 2356 Acheth,
1096 2277 1189 2362 ἠ·
1217 2275 1322 2343 die
1354 2276 1402 2343 J
1404 2276 1562 2357 unii,
1591 2299 1763 2343 anno
1792 2277 2068 2343 Domini
2096 2280 2203 2344 κ’.
2226 2281 2379 2343 οοο·.
2400 2275 2709 2343 vicesimo
2738 2274 3035 2361 quarto?

883 2377 1066 2444 Quas
1133 2377 1353 2442 literas
1425 2377 1682 2464 utrique
1739 2379 1915 2465 apud
1969 2373 2352 2445 Dubliniam
2421 2376 2801 2466 preesentari
2872 2373 3025 2442 fecit
3076 2395 3200 2460 per

785 2479 1056 2545 nuntios
1114 2479 1441 2566 speciales.
1527 2479 1778 2546 Verum
1837 2481 1987 2566 quia
2042 2481 2383 2568 negotium
2428 2478 2735 2567 tangebat
2789 2475 3195 2542 Willelmum

792 2580 1262 2668 supradictum,
1291 2582 1404 2667 qui
1445 2591 1547 2648 est
1573 2583 2101 2669 consanguineus
2132 2582 2495 2648 cancellarii
2522 2591 2591 2648 et
2617 2579 2865 2645 amicus
2900 2577 3198 2667 specialis

791 2681 1194 2762 thesaurarii,
1253 2681 1472 2748 literas
1545 2704 1662 2749 seu
1734 2684 2115 2750 mandatum
2171 2683 2257 2750 ad
2332 2683 2719 2771 capiendum
2792 2678 3199 2765 supradictas

791 2805 1103 2872 personas
1169 2783 1512 2871 episcopus
1570 2807 1609 2850 a
1665 2795 1898 2852 neutro
1953 2786 2175 2874 potuit
2232 2785 2549 2875 optinere.
2668 2783 2869 2852 Quod
2924 2804 3196 2850 cernens

791 2887 1160 2974 episcopus,
1205 2886 1422 2952 literas
1467 2895 1765 2974 patentes
1805 2886 2175 2955 consimiles
2226 2887 2487 2974 scripsit
2524 2885 2792 2952 domino
2835 2883 3197 2972 justiciario

795 2988 1176 3076 Hybernioe,
1197 2987 1510 3053 attentius
1539 2988 1963 3076 supplicando
1993 2989 2169 3077 quod
2196 2990 2337 3078 ipse
2364 2987 2744 3077 proeciperet
2763 2995 2835 3054 et
2861 2986 3201 3051 mandaret

799 3089 1180 3157 cancellario
1211 3088 1458 3155 domini
1501 3090 1669 3175 regis
1698 3090 1876 3177 quod
1919 3091 2062 3177 ipse
2088 3089 2286 3158 breve
2327 3091 2575 3178 regium
2616 3087 3001 3156 concederet
3026 3085 3200 3174 epis-

793 3214 984 3280 copo,
1015 3190 1373 3258 secundum
1415 3202 1709 3259 tenorem
1745 3193 2231 3259 constitutionis
2266 3203 2662 3275 memoratae,
2690 3191 2775 3258 ad
2811 3189 3200 3280 capiendum

794 3302 864 3359 et
921 3292 1445 3359 incarcerandum
1505 3314 1818 3380 personas
1875 3303 2286 3365 memoratas.
2392 3294 2527 3361 Qui
2576 3294 2720 3360 viso
2772 3302 2998 3365 tenore
3046 3314 3206 3359 con-

796 3394 1156 3461 stitutionis
1206 3392 1481 3481 papalis,
1524 3394 1746 3460 statim
1785 3394 2119 3460 mandavit
2144 3394 2546 3471 cancellario,
2588 3415 2707 3480 per
2735 3416 2934 3459 unam
2974 3392 3200 3462 binam

795 3494 1006 3582 sig-illo
1050 3517 1172 3561 suo
1219 3493 1558 3581 signatam,
1597 3493 1775 3582 quod
1821 3494 2236 3561 cancellarius
2283 3492 2480 3561 breve
2524 3494 2773 3581 regium
2820 3494 3204 3561 concederet

797 3597 886 3663 ad
931 3596 1341 3684 capiendum,
1386 3604 1465 3660 ut
1512 3594 1951 3681 praemittitur,
2006 3604 2076 3661 et
2116 3594 2647 3661 incarcerandum
2692 3596 2981 3662 eosdem.
3068 3594 3206 3661 Sed

799 3719 936 3764 non
973 3699 1068 3765 sic
1095 3698 1308 3765 adhuc
1335 3696 1680 3785 episcopus
1707 3696 1929 3785 potuit
1956 3696 2250 3784 optinere
2278 3718 2581 3783 expresse
2607 3695 2807 3762 breve
2835 3695 3083 3783 regium
3119 3696 3206 3763 ad

799 3799 1190 3888 capiendum
1233 3808 1304 3865 et
1349 3797 1880 3865 incarcerandum
1925 3797 2193 3864 eosdem
2244 3797 2600 3863 secundum
2641 3818 2859 3863 sacros
2902 3818 3207 3880 canones,

801 3900 920 3967 sed
963 3898 1418 3966 tantummodo
1459 3898 1658 3965 breve
1701 3908 1999 3966 tenorem
2042 3899 2153 3985 qui
2197 3899 2489 3986 sequitur
2515 3900 2883 3982 continens,
2933 3899 3201 3983 domino

799 4000 1090 4067 Amaldo
1117 4000 1182 4067 le
1213 4002 1438 4068 Power
1465 4003 1818 4069 senescallo
1849 4003 2221 4090 supradicto
2254 4003 2614 4075 directum·
2682 4070 2689 4077 ,

885 4108 930 4143 “
960 4104 1362 4192 Significavit
1399 4103 1592 4171 nobis
1619 4105 2005 4173 venerabilis
2047 4116 2233 4194 pater
2260 4106 2577 4172 Ricardus
2620 4104 2969 4193 episcopus
2998 4104 3212 4179 Osso-

799 4205 1032 4272 riensis
1104 4227 1224 4293 per
1277 4205 1494 4272 literas
1567 4230 1717 4273 suas
1790 4217 2113 4295 patentes,
2180 4207 2385 4295 quod
2412 4188 2623 4274 Alicia
2680 4206 2937 4277 Kiteler
2998 4217 3209 4274 mater

811 4306 1131 4372 Willelmi
1180 4306 1497 4389 Outlawe,
1525 4308 1895 4376 willelmus
1943 4309 2240 4376 Outlawe
2288 4309 2460 4375 filius
2511 4309 2830 4397 ejusdem,
2868 4308 2915 4375 J
2917 4308 3207 4375 ohannes

803 4406 1206 4495 -Galrussyn,
1248 4416 1372 4475 etc.
1416 4431 1551 4476 suae
1595 4410 1896 4492 diocesis,
1946 4433 2141 4498 super
2182 4409 2559 4479 criminibus
2602 4410 2939 4477 -haereticoe
2994 4411 3213 4497 pravi-

803 4507 960 4576 tafis
1003 4528 1222 4573 coram
1267 4507 1414 4595 ipso
1464 4518 1623 4575 sunt
1660 4509 1914 4592 irretiti,
1942 4511 2028 4576 ad
2054 4532 2219 4598 quos
2246 4511 2655 4597 castigandos
2697 4520 2767 4577 et
2794 4511 3210 4597 corrigendos

807 4610 1001 4698 juxta
1045 4628 1370 4675 canonum
1421 4608 1792 4676 sanctiones
1838 4609 2179 4676 brachium
2228 4621 2527 4677 nostrum
2584 4612 2850 4678 invocat
2908 4611 3214 4681 seculare.

809 4708 984 4779 Quia
1030 4730 1188 4775 vero
1237 4717 1531 4797 potestas
1592 4711 1768 4799 regia
1813 4720 2239 4778 sacmsanctoe
2285 4711 2573 4779 ecclesiae
2621 4712 2692 4778 in
2743 4714 3020 4801 querelis
3078 4714 3218 4783 suis

804 4812 1036 4878 deesse
1109 4833 1249 4879 non
1324 4810 1540 4893 debet,
1595 4810 1718 4879 tibi
1791 4812 2205 4901 praecipimus
2269 4813 2445 4901 quod
2514 4814 2864 4904 proedictos
2920 4809 3221 4899 Aliciam,

781 4912 1241 5000 'wilelmum
1268 4914 1316 4984 J
1316 4914 1665 4997 ohannem,
1691 4925 1818 4986 etc.
1847 4938 2118 5006 corpora
2145 4937 2265 4985 sua
2292 4916 2651 4986 secundum
2678 4917 3221 4987 consuetudinem
