3867 6400
869 1485 952 1544 10
1196 1491 1703 1540 Pnocszmucs
1736 1490 2054 1537 scarus-1·
2084 1491 2294 1537 naua
2325 1491 2549 1537 amca
2584 1489 2919 1537 arvenna

868 1657 938 1714 et
984 1644 1143 1712 alios
1189 1642 1532 1710 familiares
1579 1662 1810 1707 omnes
1858 1650 1929 1707 et
1966 1641 2229 1708 amicos'
2255 1641 2544 1729 episcopi
2592 1641 2861 1709 liberum
2904 1649 3263 1718 accessum,

869 1749 1252 1836 ingressum,
1280 1731 1356 1811 et'
1375 1765 1727 1832 egressum,
1755 1765 1874 1831 pro
1905 1766 2043 1809 suoe
2070 1743 2259 1810 libito
2287 1743 2663 1810 voluntatis.
3028 1751 3033 1754 '

958 1848 1288 1936 Episcopo
1333 1846 1531 1933 igitur
1575 1846 1993 1927 incarcerato,
2038 1856 2115 1911 ut
2168 1845 2607 1932 praemittitur,
2657 1845 2873 1910 statim
2930 1839 3269 1908 mandavit

871 1951 1177 2018 dominus
1225 1948 1554 2016 Arnaldus
1611 1947 2004 2015 senescallus
2050 1969 2211 2014 voce
2268 1948 2593 2035 praeconia
2647 1947 2717 2013 in
2774 1946 3059 2034 qualibet
3113 1945 3269 2012 villa

871 2051 1254 2119 mercatoria
1307 2073 1426 2138 per
1467 2059 1682 2116 totum
1725 2049 2105 2116 comitatum
2162 2049 2421 2136 publice
2461 2049 2857 2136 proclamari,
2900 2047 3270 2136 quicunque

875 2164 1051 2222 esset
1078 2154 1189 2241 qui
1216 2153 1412 2219 vellet
1439 2151 1522 2218 de
1550 2151 1863 2238 episcopo
1892 2151 2223 2240 conqueri,
2252 2152 2334 2217 de
2362 2152 2606 2218 clericis
2650 2152 2783 2217 suis
2807 2151 2913 2218 vel
2940 2147 3272 2216 familiari·

878 2256 1023 2334 bus,
1049 2256 1268 2322 statim
1289 2253 1542 2321 veniret
1567 2254 1651 2319 ad
1679 2275 1828 2319 eum
1858 2262 1928 2319 et
1956 2253 2312 2320 remedium
2340 2253 2660 2320 inveniret
2685 2276 2829 2319 cum
2857 2252 3041 2320 omni
3066 2251 3275 2339 gratia

807 2437 816 2444 .
875 2369 946 2425 et
971 2359 1209 2425 favore.
1296 2356 1470 2423 Cum
1499 2365 1719 2422 tamen
1746 2353 2092 2441 episcopus
2134 2354 2205 2420 in
2234 2356 2415 2423 nullo
2444 2355 2532 2421 sit
2558 2355 2884 2442 subjectus
2914 2353 3275 2420 senescallo

879 2459 982 2526 vel
1009 2456 1252 2538 comiti,
1293 2477 1503 2543 neque
1531 2455 1598 2521 in
1643 2455 2111 2542 temporalibus
2138 2479 2351 2544 neque
2386 2457 2456 2523 in
2500 2456 2958 2545 spiritualibus,
2985 2477 3109 2522 nec
3138 2462 3276 2524 suoe'

871 2557 1306 2649 jurisdictioni
1347 2559 1420 2622 in
1463 2557 1705 2644 aliquo,
1747 2557 1890 2643 ipse
1935 2567 2157 2624 tamen
2202 2557 2627 2626 nihilominus
2674 2559 2909 2626 multas
2937 2567 3024 2628 ,et
3062 2557 3276 2628 varias

881 2661 1056 2750 cepit
1100 2659 1552 2746 inquisitiones
1605 2667 1830 2724 contra
1875 2658 2277 2746 episcopum.
2375 2660 2508 2726 Sed
2534 2725 2543 2730 ,
2570 2659 2970 2746 (benedictus
3003 2659 3205 2729 ,Deus
3231 2658 3275 2740 Ξ)

881 2764 1044 2832 nihil
1084 2785 1348 2851 prorsus
1377 2761 1648 2843 invenit,
1675 2783 1796 2828 nec
1823 2760 2021 2828 etiam
2061 2783 2269 2827 unum
2297 2760 2591 2829 verbum.
2678 2759 2867 2827 Missi
2896 2770 3058 2828 sunt
3082 2760 3284 2848 igitur

889 2867 1020 2932 duo
1068 2864 1410 2951 justiciarii
1466 2865 1548 2931 de
1587 2864 1764 2933 curia
1817 2863 1993 2952 regia
2040 2886 2159 2952 per
2200 2864 2645 2932 cancellarium
2692 2863 2937 2930 domini
2992 2863 3164 2950 regis
3214 2871 3286 2932 et

893 2965 1272 3052 magistrum
1301 2963 1666 3032 walterum
1687 2965 1770 3032 de
1801 2965 2151 3053 Isteleppe,
2181 2966 2427 3033 domini
2469 2967 2637 3054 regis
2679 2966 3171 3046 thesaurarium,
3199 2965 3287 3031 ad

891 3067 1220 3136 civitatem
1266 3065 1659 3148 Kilkennioe,
1715 3089 1932 3134 coram
1976 3067 2213 3154 quibus
2262 3065 2484 3134 citavit
2524 3077 2593 3134 et
2632 3067 2809 3136 citari
2864 3068 3021 3136 fecit
3067 3067 3286 3140 dictu!

889 3169 1278 3237 senescallus
1323 3191 1551 3237 omnes
1589 3168 1842 3237 nobiles
1887 3169 2091 3237 totius
2120 3170 2465 3237 comitatus
2507 3194 2582 3239 ac
2609 3172 2797 3239 etiam
2825 3171 3174 3260 populares
3202 3170 3289 3236 ad

889 3272 1344 3359 inquirendum
1403 3271 1485 3337 de
1541 3271 1870 3358 episcopo,
1927 3272 2195 3353 clericis,
2252 3283 2321 3339 et
2376 3273 2684 3340 ministris
2737 3275 2902 3361 ejus,
2959 3295 3037 3341 ac
3088 3272 3287 3348 etiam

891 3373 1260 3441 excessibus
1307 3371 1687 3439 eorundem.
1773 3373 1868 3438 Et
1912 3372 2070 3441 licet
2122 3375 2193 3440 in
2248 3374 2664 3462 inquisitione
2704 3377 2911 3445 multa
2960 3377 3123 3443 falsa
3170 3398 3291 3465 per

894 3474 1154 3543 cedulas
1195 3483 1265 3541 et
1300 3473 1492 3539 billas
1535 3473 1825 3540 enormia
1867 3484 1939 3541 et
1976 3475 2195 3561 gravia
2234 3486 2456 3543 essent
2498 3476 2886 3560 intromissa,
2934 3478 3292 3547 noluerunt

896 3588 1118 3644 tamen
1166 3574 1389 3663 jurati,
1445 3574 1617 3641 sicut
1670 3596 1792 3642 nec
1839 3576 2153 3643 veraciter
2196 3586 2571 3664 potuerunt,
2624 3579 2694 3644 in
2747 3602 3131 3667 quacunque
3187 3580 3293 3653 ine

896 3676 1244 3765 quisitione
1287 3678 1668 3765 episcopum
1725 3677 1796 3741 in
1853 3676 2071 3765 aliquo
2114 3700 2432 3761 accusare,
2479 3703 2601 3748 nec
2642 3690 2865 3747 contra
2906 3682 3293 3769 episcopum

895 3788 1010 3845 aut
1051 3778 1326 3865 aliquem
1371 3777 1454 3844 de
1500 3777 1638 3843 suis
1689 3776 1930 3865 aliquid
1973 3778 2319 3867 deponere,
2360 3780 2432 3847 in
2476 3782 2727 3849 modico
2757 3783 2865 3849 vel
2908 3782 2993 3849 in·
3032 3806 3293 3869 magno.

897 3882 1021 3947 Per
1048 3877 1266 3946 omnia
1291 3878 1672 3944 benedictus
1701 3877 1924 3943 Deus!
1988 3880 2100 3966 qui
2128 3880 2336 3947 salvat
2364 3892 2693 3969 sperantes
2724 3883 2795 3950 in
2825 3906 3001 3952 eum.
3092 3886 3297 3954 Quod

891 3982 1123 4049 videns
1195 3980 1604 4068 supradictus
1661 3980 2031 4048 Willelmus
2089 3982 2407 4067 Outlawe,
2474 3986 2689 4052 statim
2758 3987 3038 4055 accessit
3091 3997 3163 4054 et
3224 3988 3297 4055 in

893 4082 1170 4150 archivis
1212 4080 1605 4155 cancellariae
1644 4079 1965 4148 libertatis
2011 4083 2381 4154 Kilkenniae
2429 4110 2625 4153 manu
2661 4089 2924 4176 propria
2966 4098 3297 4159 scrutatus

897 4194 1003 4252 est
1027 4184 1352 4272 quandam
1392 4182 1886 4249 indictationem
1929 4184 2069 4251 sive
2096 4188 2592 4272 accusationem,
2617 4213 2963 4277 personam
3002 4191 3299 4280 episcopi

899 4299 1296 4375 tangentem,
1341 4286 1694 4372 antiquam,
1739 4286 1993 4368 falsam,
2035 4298 2106 4355 et
2150 4289 2236 4356 ob
2273 4290 2401 4359 hoc
2449 4292 2834 4379 judicialiter
2873 4294 3295 4361 cancellatum

903 4400 972 4457 et
1015 4398 1411 4475 quassatam,
1455 4388 1522 4452 in
1570 4410 1697 4474 qua
1740 4388 2049 4476 episcopo
2098 4390 2309 4457 fuerat
2363 4391 2737 4480 impositum
2782 4395 2961 4482 quod
3017 4394 3171 4482 ipse·
3210 4388 3298 4463 de

902 4488 1096 4556 bonis
1124 4490 1228 4575 cuj
1236 4490 1463 4554 usdam
1483 4489 1775 4555 intestati
1794 4489 2022 4556 debuit
2044 4514 2115 4558 se
2142 4491 2569 4560 intromisisse
2584 4505 2651 4561 et
2675 4494 2801 4561 sibi
2820 4498 3296 4584 appropriasse,

903 4614 1105 4658 uxore
1133 4589 1296 4657 dicti
1323 4588 1612 4655 defuncti
1654 4589 2067 4657 reclamante.
2154 4592 2394 4674 Quam,
2432 4617 2565 4661 non
2592 4595 2891 4664 obstante
2918 4598 3097 4686 quod
3125 4609 3303 4667 esset

904 4692 1251 4760 cancellata
1295 4700 1366 4758 et
1414 4700 1736 4778 quassata,
1779 4714 1929 4757 cum
1980 4693 2173 4759 titulo
2217 4695 2547 4782 scripturae
2587 4698 2861 4782 dicente,
2912 4705 2958 4741 “
2986 4700 3173 4767 Nihil
3216 4703 3303 4768 ad

905 4794 1096 4876 nos,’'
1140 4793 1294 4881 quia
1338 4792 1624 4880 pertinet
1665 4793 1750 4858 ad
1787 4792 2003 4860 forum
2045 4794 2566 4881 ecclesiasticum,
2613 4801 3035 4870 nihilominus
3079 4813 3302 4871 tamen

905 4893 1246 4961 transcribi
1281 4894 1437 4961 fecit
1481 4895 1757 4961 eandem
1803 4895 1888 4969 de
1925 4917 2098 4962 nova
2130 4921 2350 4981 manu,
2389 4910 2459 4967 et
2494 4902 2875 4990 scripturam
2920 4906 3103 4973 illam
3148 4929 3301 4977 cum

909 4993 1296 5061 sotularibus
1347 4997 1627 5084 propriis
1673 4997 1943 5077 fricavit,
1966 5020 2052 5065 ne
2102 5012 2439 5096 appareret
2472 5003 2553 5071 de
2592 5026 2763 5081 novo
2808 5006 3073 5095 scripta,
3102 5017 3173 5074 et
3205 5008 3307 5088 sic

3772 1764 3779 1776 ²
3772 1710 3780 1744 '‘⁴
3772 1581 3792 1698 '‘w'.
3776 1457 3792 1566 Ἦ.
3790 1533 3792 1540 .
3780 997 3793 1450 ‚muman-Q*—
3668 857 3793 964 --}
