<?xml version="1.0" encoding="UTF-8"?>
<!DOCTYPE html PUBLIC "-//W3C//DTD XHTML 1.0 Transitional//EN"
    "http://www.w3.org/TR/xhtml1/DTD/xhtml1-transitional.dtd">
<html xmlns="http://www.w3.org/1999/xhtml" xml:lang="en" lang="en">
 <head>
  <title>
</title>
<meta http-equiv="Content-Type" content="text/html;charset=utf-8" />
  <meta name='ocr-system' content='tesseract 3.04.00' />
  <meta name='ocr-capabilities' content='ocr_page ocr_carea ocr_par ocr_line ocrx_word'/>
</head>
<body>
  <div class='ocr_page' id='page_1' title='image "./acontemporaryna00wriggoog_0047.png"; bbox 0 0 3867 6400; ppageno 0'>
   <div class='ocr_carea' id='block_1_1' title="bbox 271 599 3396 640">
    <p class='ocr_par' dir='ltr' id='par_1_1' title="bbox 271 599 3396 640">
     <span class='ocr_line' id='line_1_1' title="bbox 271 599 3396 640; baseline 0.001 -6"><span class='ocrx_word' id='word_1_1' title='bbox 271 626 300 638; x_wconf 87' lang='grc'><strong>...</strong></span> <span class='ocrx_word' id='word_1_2' title='bbox 335 629 343 636; x_wconf 81' lang='lat'><em>.</em></span> <span class='ocrx_word' id='word_1_3' title='bbox 373 617 432 636; x_wconf 39' lang='lat' dir='ltr'><strong>as„</strong></span> <span class='ocrx_word' id='word_1_4' title='bbox 464 610 722 636; x_wconf 50' lang='grc' dir='ltr'><strong>-ρι-..ιωυ</strong></span> <span class='ocrx_word' id='word_1_5' title='bbox 739 615 816 634; x_wconf 67' lang='lat'><em>·.-—.</em></span> <span class='ocrx_word' id='word_1_6' title='bbox 833 607 920 632; x_wconf 53' lang='lat' dir='ltr'><strong>‘nn--</strong></span> <span class='ocrx_word' id='word_1_7' title='bbox 935 601 1362 639; x_wconf 57' lang='lat' dir='ltr'><strong>-2-&gt;d-m··,·-·.-.-‘-o.·m</strong></span> <span class='ocrx_word' id='word_1_8' title='bbox 1377 615 1422 636; x_wconf 78' lang='lat'><strong>-2</strong></span> <span class='ocrx_word' id='word_1_9' title='bbox 1444 599 1593 636; x_wconf 54' lang='lat' dir='ltr'><strong>‘ef-‚eu-</strong></span> <span class='ocrx_word' id='word_1_10' title='bbox 1610 599 1755 630; x_wconf 59' lang='lat' dir='ltr'><strong>law-*⁶*-</strong></span> <span class='ocrx_word' id='word_1_11' title='bbox 1767 602 2237 636; x_wconf 50' lang='lat' dir='ltr'><strong>*³⁶⁸*Qz-M-ue-uw</strong></span> <span class='ocrx_word' id='word_1_12' title='bbox 2275 599 3344 640; x_wconf 47' lang='grc' dir='ltr'><strong>νη·μα”ω.ν,·,υὺ*μῂὸφωω.οιαςεὲουὲυέ</strong></span> <span class='ocrx_word' id='word_1_13' title='bbox 3394 620 3396 622; x_wconf 89' lang='grc'>-</span> 
     </span>
    </p>
   </div>
   <div class='ocr_carea' id='block_1_2' title="bbox 1393 1248 3179 1300">
    <p class='ocr_par' dir='ltr' id='par_1_2' title="bbox 1393 1248 3179 1300">
     <span class='ocr_line' id='line_1_2' title="bbox 1393 1248 3179 1300; baseline 0.001 -9"><span class='ocrx_word' id='word_1_14' title='bbox 1393 1249 1727 1292; x_wconf 69' lang='lat' dir='ltr'><strong>Arrznmx</strong></span> <span class='ocrx_word' id='word_1_15' title='bbox 1756 1250 1839 1291; x_wconf 75' lang='grc' dir='ltr'><strong>ΤΟ</strong></span> <span class='ocrx_word' id='word_1_16' title='bbox 1871 1249 2003 1296; x_wconf 70' lang='grc' dir='ltr'><strong>ΤΗΙ</strong></span> <span class='ocrx_word' id='word_1_17' title='bbox 2032 1248 2554 1300; x_wconf 62' lang='grc' dir='ltr'><strong>ΙΝΤΒΟὩΙΙΟΊΊΟΝ,</strong></span> <span class='ocrx_word' id='word_1_18' title='bbox 3020 1253 3179 1294; x_wconf 58' lang='grc'><strong>313,</strong></span> 
     </span>
    </p>
   </div>
   <div class='ocr_carea' id='block_1_3' title="bbox 735 1389 3191 4838">
    <p class='ocr_par' dir='ltr' id='par_1_3' title="bbox 767 1389 3183 1768">
     <span class='ocr_line' id='line_1_3' title="bbox 853 1389 3183 1472; baseline 0 -22"><span class='ocrx_word' id='word_1_19' title='bbox 853 1391 995 1451; x_wconf 80' lang='lat' dir='ltr'><strong>Post</strong></span> <span class='ocrx_word' id='word_1_20' title='bbox 1031 1389 1156 1450; x_wconf 71' lang='lat' dir='ltr'><strong>hec</strong></span> <span class='ocrx_word' id='word_1_21' title='bbox 1193 1399 1606 1470; x_wconf 85' lang='lat' dir='ltr'><strong>consequenter</strong></span> <span class='ocrx_word' id='word_1_22' title='bbox 1637 1391 1708 1452; x_wconf 85' lang='lat' dir='ltr'><strong>de</strong></span> <span class='ocrx_word' id='word_1_23' title='bbox 1743 1393 2072 1452; x_wconf 67' lang='lat' dir='ltr'><strong>substantiis</strong></span> <span class='ocrx_word' id='word_1_24' title='bbox 2111 1393 2509 1472; x_wconf 68' lang='lat' dir='ltr'><strong>apparentibus</strong></span> <span class='ocrx_word' id='word_1_25' title='bbox 2534 1393 2596 1452; x_wconf 91' lang='lat' dir='ltr'><strong>in</strong></span> <span class='ocrx_word' id='word_1_26' title='bbox 2623 1391 2987 1452; x_wconf 85' lang='lat' dir='ltr'><strong>similitudine</strong></span> <span class='ocrx_word' id='word_1_27' title='bbox 3012 1393 3183 1471; x_wconf 85' lang='lat' dir='ltr'><strong>equi·</strong></span> 
     </span>
     <span class='ocr_line' id='line_1_4' title="bbox 768 1486 3183 1566; baseline 0.002 -22"><span class='ocrx_word' id='word_1_28' title='bbox 768 1488 1026 1558; x_wconf 87' lang='lat' dir='ltr'><strong>tantium,</strong></span> <span class='ocrx_word' id='word_1_29' title='bbox 1073 1495 1132 1547; x_wconf 87' lang='lat' dir='ltr'><strong>et</strong></span> <span class='ocrx_word' id='word_1_30' title='bbox 1173 1486 1510 1546; x_wconf 78' lang='lat' dir='ltr'><strong>bellatorum</strong></span> <span class='ocrx_word' id='word_1_31' title='bbox 1549 1488 1610 1546; x_wconf 89' lang='lat' dir='ltr'><strong>in</strong></span> <span class='ocrx_word' id='word_1_32' title='bbox 1651 1487 1909 1566; x_wconf 79' lang='lat' dir='ltr'><strong>praelium</strong></span> <span class='ocrx_word' id='word_1_33' title='bbox 1948 1491 2314 1561; x_wconf 84' lang='lat' dir='ltr'><strong>currentium,</strong></span> <span class='ocrx_word' id='word_1_34' title='bbox 2346 1500 2407 1550; x_wconf 83' lang='lat' dir='ltr'><strong>et</strong></span> <span class='ocrx_word' id='word_1_35' title='bbox 2442 1491 2504 1550; x_wconf 92' lang='lat' dir='ltr'><strong>in</strong></span> <span class='ocrx_word' id='word_1_36' title='bbox 2548 1489 2972 1551; x_wconf 85' lang='lat' dir='ltr'><strong>similitudinem</strong></span> <span class='ocrx_word' id='word_1_37' title='bbox 3012 1509 3183 1549; x_wconf 78' lang='lat' dir='ltr'><strong>exer·</strong></span> 
     </span>
     <span class='ocr_line' id='line_1_5' title="bbox 767 1582 3181 1666; baseline 0.005 -27"><span class='ocrx_word' id='word_1_38' title='bbox 767 1582 984 1641; x_wconf 89' lang='lat' dir='ltr'><strong>cituum</strong></span> <span class='ocrx_word' id='word_1_39' title='bbox 1047 1585 1553 1657; x_wconf 77' lang='lat' dir='ltr'><strong>innumerabilium,</strong></span> <span class='ocrx_word' id='word_1_40' title='bbox 1604 1585 1888 1646; x_wconf 83' lang='lat' dir='ltr'><strong>interdum</strong></span> <span class='ocrx_word' id='word_1_41' title='bbox 1954 1593 2145 1644; x_wconf 85' lang='lat' dir='ltr'><strong>autem</strong></span> <span class='ocrx_word' id='word_1_42' title='bbox 2204 1593 2266 1645; x_wconf 80' lang='lat' dir='ltr'><strong>et</strong></span> <span class='ocrx_word' id='word_1_43' title='bbox 2324 1586 2383 1644; x_wconf 86' lang='lat' dir='ltr'><strong>in</strong></span> <span class='ocrx_word' id='word_1_44' title='bbox 2436 1585 2797 1647; x_wconf 86' lang='lat' dir='ltr'><strong>similitudine</strong></span> <span class='ocrx_word' id='word_1_45' title='bbox 2856 1605 3181 1666; x_wconf 69' lang='lat' dir='ltr'><strong>paucorum</strong></span> 
     </span>
     <span class='ocr_line' id='line_1_6' title="bbox 769 1677 2329 1768; baseline 0 -32"><span class='ocrx_word' id='word_1_46' title='bbox 769 1677 1042 1756; x_wconf 87' lang='lat' dir='ltr'><strong>equitum.</strong></span> <span class='ocrx_word' id='word_1_47' title='bbox 1899 1688 1910 1700; x_wconf 86' lang='lat'><strong>·</strong></span> <span class='ocrx_word' id='word_1_48' title='bbox 2314 1750 2329 1768; x_wconf 28' lang='grc' dir='ltr'>ς</span> 
     </span>
    </p>

    <p class='ocr_par' dir='ltr' id='par_1_4' title="bbox 960 1779 2979 1838">
     <span class='ocr_line' id='line_1_7' title="bbox 960 1779 2979 1838; baseline 0.004 -23"><span class='ocrx_word' id='word_1_49' title='bbox 960 1779 999 1815; x_wconf 70' lang='lat' dir='ltr'><strong>s</strong></span> <span class='ocrx_word' id='word_1_50' title='bbox 1239 1782 1276 1818; x_wconf 66' lang='grc' dir='ltr'>ι</span> <span class='ocrx_word' id='word_1_51' title='bbox 1523 1783 1562 1819; x_wconf 70' lang='lat' dir='ltr'><strong>s</strong></span> <span class='ocrx_word' id='word_1_52' title='bbox 1808 1784 1844 1821; x_wconf 71' lang='lat' dir='ltr'><strong>a</strong></span> <span class='ocrx_word' id='word_1_53' title='bbox 2090 1786 2129 1822; x_wconf 70' lang='lat' dir='ltr'><strong>s</strong></span> <span class='ocrx_word' id='word_1_54' title='bbox 2374 1783 2411 1822; x_wconf 71' lang='lat' dir='ltr'><strong>a</strong></span> <span class='ocrx_word' id='word_1_55' title='bbox 2496 1833 2499 1838; x_wconf 23' lang='lat'>¹</span> <span class='ocrx_word' id='word_1_56' title='bbox 2657 1785 2696 1821; x_wconf 68' lang='lat' dir='ltr'><strong>s</strong></span> <span class='ocrx_word' id='word_1_57' title='bbox 2940 1782 2979 1823; x_wconf 67' lang='lat' dir='ltr'><strong>s</strong></span> 
     </span>
    </p>

    <p class='ocr_par' dir='ltr' id='par_1_5' title="bbox 735 1869 3191 4753">
     <span class='ocr_line' id='line_1_8' title="bbox 857 1869 3180 1954; baseline 0.001 -25"><span class='ocrx_word' id='word_1_58' title='bbox 857 1869 1003 1930; x_wconf 84' lang='lat' dir='ltr'><strong>Sunt</strong></span> <span class='ocrx_word' id='word_1_59' title='bbox 1027 1878 1086 1931; x_wconf 88' lang='lat' dir='ltr'><strong>et</strong></span> <span class='ocrx_word' id='word_1_60' title='bbox 1111 1871 1234 1931; x_wconf 69' lang='lat' dir='ltr'><strong>alim</strong></span> <span class='ocrx_word' id='word_1_61' title='bbox 1257 1871 1670 1934; x_wconf 84' lang='lat' dir='ltr'><strong>ludificationes</strong></span> <span class='ocrx_word' id='word_1_62' title='bbox 1695 1873 2073 1953; x_wconf 79' lang='lat' dir='ltr'><strong>malignorum</strong></span> <span class='ocrx_word' id='word_1_63' title='bbox 2110 1875 2428 1954; x_wconf 77' lang='lat' dir='ltr'><strong>spirituum,</strong></span> <span class='ocrx_word' id='word_1_64' title='bbox 2455 1894 2599 1953; x_wconf 82' lang='lat' dir='ltr'><strong>quas</strong></span> <span class='ocrx_word' id='word_1_65' title='bbox 2634 1873 2849 1934; x_wconf 79' lang='lat' dir='ltr'><strong>faciunt</strong></span> <span class='ocrx_word' id='word_1_66' title='bbox 2886 1873 3180 1933; x_wconf 84' lang='lat' dir='ltr'><strong>interdum</strong></span> 
     </span>
     <span class='ocr_line' id='line_1_9' title="bbox 765 1966 3183 2050; baseline 0.001 -25"><span class='ocrx_word' id='word_1_67' title='bbox 765 1966 828 2025; x_wconf 90' lang='lat' dir='ltr'><strong>in</strong></span> <span class='ocrx_word' id='word_1_68' title='bbox 853 1968 1189 2039; x_wconf 87' lang='lat' dir='ltr'><strong>nemoribus,</strong></span> <span class='ocrx_word' id='word_1_69' title='bbox 1215 1977 1276 2028; x_wconf 90' lang='lat' dir='ltr'><strong>et</strong></span> <span class='ocrx_word' id='word_1_70' title='bbox 1297 1969 1442 2030; x_wconf 87' lang='lat' dir='ltr'><strong>locis</strong></span> <span class='ocrx_word' id='word_1_71' title='bbox 1466 1971 1721 2042; x_wconf 81' lang='lat' dir='ltr'><strong>amoenis,</strong></span> <span class='ocrx_word' id='word_1_72' title='bbox 1743 1980 1808 2031; x_wconf 83' lang='lat' dir='ltr'><strong>et</strong></span> <span class='ocrx_word' id='word_1_73' title='bbox 1841 1972 2125 2032; x_wconf 78' lang='lat' dir='ltr'>frondosis</span> <span class='ocrx_word' id='word_1_74' title='bbox 2161 1972 2476 2042; x_wconf 70' lang='lat' dir='ltr'>arboribus,</span> <span class='ocrx_word' id='word_1_75' title='bbox 2502 1971 2602 2030; x_wconf 90' lang='lat' dir='ltr'><strong>ubi</strong></span> <span class='ocrx_word' id='word_1_76' title='bbox 2628 1978 2900 2050; x_wconf 74' lang='lat' dir='ltr'><strong>apparent</strong></span> <span class='ocrx_word' id='word_1_77' title='bbox 2924 1971 2987 2030; x_wconf 90' lang='lat' dir='ltr'><strong>in</strong></span> <span class='ocrx_word' id='word_1_78' title='bbox 3020 1970 3183 2030; x_wconf 83' lang='lat' dir='ltr'><strong>simi·</strong></span> 
     </span>
     <span class='ocr_line' id='line_1_10' title="bbox 769 2062 3183 2147; baseline 0.002 -25"><span class='ocrx_word' id='word_1_79' title='bbox 769 2062 1004 2124; x_wconf 85' lang='lat' dir='ltr'><strong>litudine</strong></span> <span class='ocrx_word' id='word_1_80' title='bbox 1043 2065 1354 2142; x_wconf 71' lang='lat' dir='ltr'><strong>puellarum</strong></span> <span class='ocrx_word' id='word_1_81' title='bbox 1387 2075 1486 2126; x_wconf 84' lang='lat' dir='ltr'><strong>aut</strong></span> <span class='ocrx_word' id='word_1_82' title='bbox 1511 2077 1914 2140; x_wconf 83' lang='lat' dir='ltr'><strong>matronarum,</strong></span> <span class='ocrx_word' id='word_1_83' title='bbox 1952 2079 2161 2147; x_wconf 84' lang='lat' dir='ltr'><strong>ornatu</strong></span> <span class='ocrx_word' id='word_1_84' title='bbox 2198 2069 2458 2128; x_wconf 79' lang='lat' dir='ltr'><strong>muliebri</strong></span> <span class='ocrx_word' id='word_1_85' title='bbox 2498 2077 2559 2128; x_wconf 86' lang='lat' dir='ltr'><strong>ct</strong></span> <span class='ocrx_word' id='word_1_86' title='bbox 2595 2066 2850 2137; x_wconf 87' lang='lat' dir='ltr'><strong>candido,</strong></span> <span class='ocrx_word' id='word_1_87' title='bbox 2892 2065 3183 2126; x_wconf 83' lang='lat' dir='ltr'><strong>interdum</strong></span> 
     </span>
     <span class='ocr_line' id='line_1_11' title="bbox 767 2161 3191 2246; baseline 0.002 -26"><span class='ocrx_word' id='word_1_88' title='bbox 767 2161 940 2220; x_wconf 87' lang='lat' dir='ltr'><strong>etiam</strong></span> <span class='ocrx_word' id='word_1_89' title='bbox 977 2162 1036 2221; x_wconf 90' lang='lat' dir='ltr'><strong>in</strong></span> <span class='ocrx_word' id='word_1_90' title='bbox 1077 2164 1308 2224; x_wconf 86' lang='lat' dir='ltr'><strong>stabulis</strong></span> <span class='ocrx_word' id='word_1_91' title='bbox 1349 2185 1482 2224; x_wconf 85' lang='lat' dir='ltr'><strong>cum</strong></span> <span class='ocrx_word' id='word_1_92' title='bbox 1519 2165 1890 2225; x_wconf 85' lang='lat' dir='ltr'><strong>luminaribus</strong></span> <span class='ocrx_word' id='word_1_93' title='bbox 1928 2165 2125 2236; x_wconf 85' lang='lat' dir='ltr'><strong>cereis,</strong></span> <span class='ocrx_word' id='word_1_94' title='bbox 2152 2185 2226 2224; x_wconf 82' lang='lat' dir='ltr'><strong>ex</strong></span> <span class='ocrx_word' id='word_1_95' title='bbox 2251 2166 2458 2244; x_wconf 82' lang='lat' dir='ltr'><strong>quibus</strong></span> <span class='ocrx_word' id='word_1_96' title='bbox 2482 2173 2758 2246; x_wconf 84' lang='lat' dir='ltr'><strong>apparent</strong></span> <span class='ocrx_word' id='word_1_97' title='bbox 2782 2163 3191 2224; x_wconf 76' lang='lat' dir='ltr'><strong>distinationes.</strong></span> 
     </span>
     <span class='ocr_line' id='line_1_12' title="bbox 770 2258 3182 2342; baseline 0.001 -25"><span class='ocrx_word' id='word_1_98' title='bbox 770 2258 832 2317; x_wconf 90' lang='lat' dir='ltr'><strong>in</strong></span> <span class='ocrx_word' id='word_1_99' title='bbox 859 2259 1034 2319; x_wconf 88' lang='lat' dir='ltr'><strong>comis</strong></span> <span class='ocrx_word' id='word_1_100' title='bbox 1060 2269 1120 2319; x_wconf 86' lang='lat' dir='ltr'><strong>et</strong></span> <span class='ocrx_word' id='word_1_101' title='bbox 1142 2261 1301 2320; x_wconf 89' lang='lat' dir='ltr'><strong>collis</strong></span> <span class='ocrx_word' id='word_1_102' title='bbox 1327 2281 1622 2340; x_wconf 86' lang='lat' dir='ltr'><strong>equorum,</strong></span> <span class='ocrx_word' id='word_1_103' title='bbox 1649 2270 1710 2322; x_wconf 89' lang='lat' dir='ltr'><strong>et</strong></span> <span class='ocrx_word' id='word_1_104' title='bbox 1743 2283 1920 2323; x_wconf 70' lang='lat' dir='ltr'><strong>comm</strong></span> <span class='ocrx_word' id='word_1_105' title='bbox 1960 2262 2213 2342; x_wconf 83' lang='lat' dir='ltr'><strong>ipsorum</strong></span> <span class='ocrx_word' id='word_1_106' title='bbox 2252 2261 2554 2341; x_wconf 74' lang='lat' dir='ltr'><strong>diligenter</strong></span> <span class='ocrx_word' id='word_1_107' title='bbox 2594 2263 2845 2332; x_wconf 66' lang='lat' dir='ltr'><strong>tricataeg</strong></span> <span class='ocrx_word' id='word_1_108' title='bbox 2882 2270 2945 2320; x_wconf 88' lang='lat' dir='ltr'><strong>et</strong></span> <span class='ocrx_word' id='word_1_109' title='bbox 2972 2259 3182 2320; x_wconf 79' lang='lat' dir='ltr'><strong>&#39;audies</strong></span> 
     </span>
     <span class='ocr_line' id='line_1_13' title="bbox 771 2355 3184 2438; baseline 0 -24"><span class='ocrx_word' id='word_1_110' title='bbox 771 2375 871 2414; x_wconf 88' lang='lat' dir='ltr'><strong>eos</strong></span> <span class='ocrx_word' id='word_1_111' title='bbox 910 2357 1010 2434; x_wconf 83' lang='lat' dir='ltr'><strong>qui</strong></span> <span class='ocrx_word' id='word_1_112' title='bbox 1047 2355 1182 2416; x_wconf 84' lang='lat' dir='ltr'><strong>talia</strong></span> <span class='ocrx_word' id='word_1_113' title='bbox 1206 2377 1268 2416; x_wconf 86' lang='lat' dir='ltr'><strong>se</strong></span> <span class='ocrx_word' id='word_1_114' title='bbox 1294 2358 1504 2417; x_wconf 80' lang='lat' dir='ltr'><strong>vidisse</strong></span> <span class='ocrx_word' id='word_1_115' title='bbox 1528 2358 1796 2430; x_wconf 69' lang='lat' dir='ltr'><strong>fatentur,</strong></span> <span class='ocrx_word' id='word_1_116' title='bbox 1825 2359 2073 2418; x_wconf 79' lang='lat' dir='ltr'><strong>dicentes</strong></span> <span class='ocrx_word' id='word_1_117' title='bbox 2115 2378 2311 2418; x_wconf 78' lang='lat' dir='ltr'><strong>veram</strong></span> <span class='ocrx_word' id='word_1_118' title='bbox 2345 2379 2535 2419; x_wconf 84' lang='lat' dir='ltr'><strong>ceram</strong></span> <span class='ocrx_word' id='word_1_119' title='bbox 2579 2379 2703 2419; x_wconf 84' lang='lat' dir='ltr'><strong>csse</strong></span> <span class='ocrx_word' id='word_1_120' title='bbox 2741 2377 2871 2438; x_wconf 65' lang='lat' dir='ltr'><strong>qum</strong></span> <span class='ocrx_word' id='word_1_121' title='bbox 2898 2357 2972 2418; x_wconf 84' lang='lat' dir='ltr'><strong>de</strong></span> <span class='ocrx_word' id='word_1_122' title='bbox 3008 2355 3184 2415; x_wconf 89' lang='lat' dir='ltr'><strong>lumi·</strong></span> 
     </span>
     <span class='ocr_line' id='line_1_14' title="bbox 772 2451 3185 2533; baseline -0 -22"><span class='ocrx_word' id='word_1_123' title='bbox 772 2453 1000 2512; x_wconf 86' lang='lat' dir='ltr'><strong>naribus</strong></span> <span class='ocrx_word' id='word_1_124' title='bbox 1039 2453 1362 2532; x_wconf 82' lang='lat' dir='ltr'><strong>hujusmodi</strong></span> <span class='ocrx_word' id='word_1_125' title='bbox 1403 2453 1731 2514; x_wconf 72' lang='lat' dir='ltr'><strong>stillaverat.</strong></span> <span class='ocrx_word' id='word_1_126' title='bbox 1783 2455 2187 2514; x_wconf 85' lang='lat' dir='ltr'><strong>·Manifestum</strong></span> <span class='ocrx_word' id='word_1_127' title='bbox 2226 2464 2415 2514; x_wconf 87' lang='lat' dir='ltr'><strong>autem</strong></span> <span class='ocrx_word' id='word_1_128' title='bbox 2451 2463 2542 2515; x_wconf 87' lang='lat' dir='ltr'><strong>est</strong></span> <span class='ocrx_word' id='word_1_129' title='bbox 2574 2452 2696 2524; x_wconf 83' lang='lat' dir='ltr'><strong>tibi,</strong></span> <span class='ocrx_word' id='word_1_130' title='bbox 2723 2453 2857 2533; x_wconf 84' lang='lat' dir='ltr'><strong>quia</strong></span> <span class='ocrx_word' id='word_1_131' title='bbox 2880 2451 3049 2511; x_wconf 82' lang='lat' dir='ltr'><strong>facile</strong></span> <span class='ocrx_word' id='word_1_132' title='bbox 3090 2461 3185 2510; x_wconf 80' lang='lat' dir='ltr'><strong>est</strong></span> 
     </span>
     <span class='ocr_line' id='line_1_15' title="bbox 771 2549 3183 2630; baseline 0 -22"><span class='ocrx_word' id='word_1_133' title='bbox 771 2549 1032 2628; x_wconf 79' lang='lat' dir='ltr'><strong>malignis</strong></span> <span class='ocrx_word' id='word_1_134' title='bbox 1077 2551 1363 2628; x_wconf 86' lang='lat' dir='ltr'><strong>spiritibus</strong></span> <span class='ocrx_word' id='word_1_135' title='bbox 1409 2571 1596 2610; x_wconf 87' lang='lat' dir='ltr'><strong>ceram</strong></span> <span class='ocrx_word' id='word_1_136' title='bbox 1641 2571 1836 2610; x_wconf 81' lang='lat' dir='ltr'><strong>veram</strong></span> <span class='ocrx_word' id='word_1_137' title='bbox 1879 2571 1951 2610; x_wconf 84' lang='lat' dir='ltr'><strong>ex</strong></span> <span class='ocrx_word' id='word_1_138' title='bbox 2002 2551 2171 2610; x_wconf 86' lang='lat' dir='ltr'><strong>melle</strong></span> <span class='ocrx_word' id='word_1_139' title='bbox 2218 2553 2429 2630; x_wconf 75' lang='lat' dir='ltr'><strong>agresti</strong></span> <span class='ocrx_word' id='word_1_140' title='bbox 2482 2559 2543 2611; x_wconf 88' lang='lat' dir='ltr'><strong>et</strong></span> <span class='ocrx_word' id='word_1_141' title='bbox 2580 2571 2650 2611; x_wconf 80' lang='lat' dir='ltr'><strong>ex</strong></span> <span class='ocrx_word' id='word_1_142' title='bbox 2696 2550 2961 2629; x_wconf 86' lang='lat' dir='ltr'><strong>operibus</strong></span> <span class='ocrx_word' id='word_1_143' title='bbox 3005 2569 3183 2628; x_wconf 84' lang='lat' dir='ltr'><strong>apum</strong></span> 
     </span>
     <span class='ocr_line' id='line_1_16' title="bbox 773 2645 3184 2728; baseline 0 -26"><span class='ocrx_word' id='word_1_144' title='bbox 773 2645 1116 2706; x_wconf 71' lang='lat' dir='ltr'><strong>silvestrium</strong></span> <span class='ocrx_word' id='word_1_145' title='bbox 1139 2646 1425 2726; x_wconf 76' lang='lat' dir='ltr'><strong>colligere,</strong></span> <span class='ocrx_word' id='word_1_146' title='bbox 1451 2656 1514 2706; x_wconf 87' lang='lat' dir='ltr'><strong>et</strong></span> <span class='ocrx_word' id='word_1_147' title='bbox 1529 2647 1660 2706; x_wconf 87' lang='lat' dir='ltr'><strong>inde</strong></span> <span class='ocrx_word' id='word_1_148' title='bbox 1683 2647 1961 2708; x_wconf 84' lang='lat' dir='ltr'><strong>luminare</strong></span> <span class='ocrx_word' id='word_1_149' title='bbox 1986 2647 2195 2707; x_wconf 71' lang='lat' dir='ltr'><strong>facem.</strong></span> <span class='ocrx_word' id='word_1_150' title='bbox 2278 2648 2339 2707; x_wconf 82' lang='lat' dir='ltr'>A</span> <span class='ocrx_word' id='word_1_151' title='bbox 2364 2657 2525 2728; x_wconf 78' lang='lat' dir='ltr'><strong>parte</strong></span> <span class='ocrx_word' id='word_1_152' title='bbox 2552 2668 2688 2707; x_wconf 79' lang='lat' dir='ltr'><strong>vero</strong></span> <span class='ocrx_word' id='word_1_153' title='bbox 2712 2645 3009 2706; x_wconf 85' lang='lat' dir='ltr'><strong>bominum</strong></span> <span class='ocrx_word' id='word_1_154' title='bbox 3034 2665 3184 2704; x_wconf 89' lang='lat' dir='ltr'><strong>non·</strong></span> 
     </span>
     <span class='ocr_line' id='line_1_17' title="bbox 777 2740 3183 2822; baseline 0 -22"><span class='ocrx_word' id='word_1_155' title='bbox 777 2742 912 2801; x_wconf 89' lang='lat' dir='ltr'><strong>dum</strong></span> <span class='ocrx_word' id='word_1_156' title='bbox 937 2743 1252 2802; x_wconf 82' lang='lat' dir='ltr'><strong>audivimus</strong></span> <span class='ocrx_word' id='word_1_157' title='bbox 1277 2743 1362 2802; x_wconf 81' lang='lat' dir='ltr'><strong>cis</strong></span> <span class='ocrx_word' id='word_1_158' title='bbox 1387 2743 1714 2821; x_wconf 84' lang='lat' dir='ltr'><strong>hujusmodi</strong></span> <span class='ocrx_word' id='word_1_159' title='bbox 1740 2743 1993 2822; x_wconf 87' lang='lat' dir='ltr'><strong>rapinam</strong></span> <span class='ocrx_word' id='word_1_160' title='bbox 2032 2745 2393 2805; x_wconf 76' lang='lat' dir='ltr'><strong>exercuisse:</strong></span> <span class='ocrx_word' id='word_1_161' title='bbox 2433 2765 2543 2804; x_wconf 86' lang='lat' dir='ltr'><strong>nec</strong></span> <span class='ocrx_word' id='word_1_162' title='bbox 2577 2752 2767 2803; x_wconf 81' lang='lat' dir='ltr'><strong>tamen</strong></span> <span class='ocrx_word' id='word_1_163' title='bbox 2802 2740 3183 2802; x_wconf 84' lang='lat' dir='ltr'><strong>dubitandum</strong></span> 
     </span>
     <span class='ocr_line' id='line_1_18' title="bbox 772 2837 3185 2920; baseline -0.001 -22"><span class='ocrx_word' id='word_1_164' title='bbox 772 2849 880 2910; x_wconf 89' lang='lat' dir='ltr'><strong>est,</strong></span> <span class='ocrx_word' id='word_1_165' title='bbox 905 2839 1041 2918; x_wconf 89' lang='lat' dir='ltr'><strong>quin</strong></span> <span class='ocrx_word' id='word_1_166' title='bbox 1060 2859 1129 2899; x_wconf 85' lang='lat' dir='ltr'><strong>ex</strong></span> <span class='ocrx_word' id='word_1_167' title='bbox 1148 2839 1516 2918; x_wconf 85' lang='lat' dir='ltr'><strong>permissione</strong></span> <span class='ocrx_word' id='word_1_168' title='bbox 1542 2841 1811 2900; x_wconf 84' lang='lat' dir='ltr'><strong>creatoris</strong></span> <span class='ocrx_word' id='word_1_169' title='bbox 1837 2839 2123 2900; x_wconf 82' lang='lat' dir='ltr'><strong>interdum</strong></span> <span class='ocrx_word' id='word_1_170' title='bbox 2146 2839 2274 2900; x_wconf 75' lang='lat' dir='ltr'><strong>haec</strong></span> <span class='ocrx_word' id='word_1_171' title='bbox 2292 2839 2483 2901; x_wconf 80' lang='lat' dir='ltr'><strong>facere</strong></span> <span class='ocrx_word' id='word_1_172' title='bbox 2508 2841 2729 2920; x_wconf 76' lang='lat' dir='ltr'><strong>possint</strong></span> <span class='ocrx_word' id='word_1_173' title='bbox 2745 2862 2765 2902; x_wconf 73' lang='lat' dir='ltr'><em>z</em></span> <span class='ocrx_word' id='word_1_174' title='bbox 2805 2837 2965 2919; x_wconf 87' lang='lat' dir='ltr'><strong>quod</strong></span> <span class='ocrx_word' id='word_1_175' title='bbox 2988 2845 3185 2897; x_wconf 87' lang='lat' dir='ltr'><strong>autem</strong></span> 
     </span>
     <span class='ocr_line' id='line_1_19' title="bbox 775 2933 3185 3012; baseline -0.001 -18"><span class='ocrx_word' id='word_1_176' title='bbox 775 2955 890 2994; x_wconf 91' lang='lat' dir='ltr'><strong>non</strong></span> <span class='ocrx_word' id='word_1_177' title='bbox 922 2935 1138 2995; x_wconf 82' lang='lat' dir='ltr'><strong>faciunt</strong></span> <span class='ocrx_word' id='word_1_178' title='bbox 1159 2936 1254 2995; x_wconf 81' lang='lat' dir='ltr'><strong>vel</strong></span> <span class='ocrx_word' id='word_1_179' title='bbox 1290 2935 1418 2996; x_wconf 75' lang='lat' dir='ltr'><strong>baec</strong></span> <span class='ocrx_word' id='word_1_180' title='bbox 1444 2936 1538 2996; x_wconf 79' lang='lat' dir='ltr'><strong>vel</strong></span> <span class='ocrx_word' id='word_1_181' title='bbox 1563 2936 1674 2996; x_wconf 82' lang='lat' dir='ltr'><strong>alia</strong></span> <span class='ocrx_word' id='word_1_182' title='bbox 1697 2937 1848 2996; x_wconf 79' lang='lat' dir='ltr'><strong>mala</strong></span> <span class='ocrx_word' id='word_1_183' title='bbox 1869 2935 2215 3008; x_wconf 85' lang='lat' dir='ltr'><strong>bominibus,</strong></span> <span class='ocrx_word' id='word_1_184' title='bbox 2240 2955 2315 2995; x_wconf 82' lang='lat' dir='ltr'><strong>ex</strong></span> <span class='ocrx_word' id='word_1_185' title='bbox 2350 2937 2605 2997; x_wconf 85' lang='lat' dir='ltr'><strong>bonitate</strong></span> <span class='ocrx_word' id='word_1_186' title='bbox 2636 2935 2908 2997; x_wconf 79' lang='lat' dir='ltr'><strong>creatoris</strong></span> <span class='ocrx_word' id='word_1_187' title='bbox 2947 2941 3056 3004; x_wconf 80' lang='lat' dir='ltr'><strong>cst,</strong></span> <span class='ocrx_word' id='word_1_188' title='bbox 3080 2933 3185 3012; x_wconf 83' lang='lat' dir='ltr'><strong>qui</strong></span> 
     </span>
     <span class='ocr_line' id='line_1_20' title="bbox 774 3027 3185 3111; baseline -0.002 -18"><span class='ocrx_word' id='word_1_189' title='bbox 774 3041 929 3093; x_wconf 84' lang='lat' dir='ltr'><strong>tenet</strong></span> <span class='ocrx_word' id='word_1_190' title='bbox 953 3053 1050 3092; x_wconf 88' lang='lat' dir='ltr'><strong>eos</strong></span> <span class='ocrx_word' id='word_1_191' title='bbox 1065 3032 1278 3111; x_wconf 77' lang='lat' dir='ltr'><strong>ligatos</strong></span> <span class='ocrx_word' id='word_1_192' title='bbox 1315 3033 1498 3092; x_wconf 86' lang='lat' dir='ltr'><strong>instar</strong></span> <span class='ocrx_word' id='word_1_193' title='bbox 1523 3033 2055 3092; x_wconf 71' lang='lat' dir='ltr'><strong>immanissimas-um</strong></span> <span class='ocrx_word' id='word_1_194' title='bbox 2083 3031 2409 3092; x_wconf 83' lang='lat' dir='ltr'><strong>belluarum</strong></span> <span class='ocrx_word' id='word_1_195' title='bbox 2444 3042 2514 3093; x_wconf 89' lang='lat' dir='ltr'><strong>ut</strong></span> <span class='ocrx_word' id='word_1_196' title='bbox 2552 3053 2668 3094; x_wconf 91' lang='lat' dir='ltr'><strong>non</strong></span> <span class='ocrx_word' id='word_1_197' title='bbox 2708 3039 2955 3093; x_wconf 79' lang='lat' dir='ltr'><strong>noceant</strong></span> <span class='ocrx_word' id='word_1_198' title='bbox 2994 3027 3185 3089; x_wconf 87' lang='lat' dir='ltr'><strong>bomi-</strong></span> 
     </span>
     <span class='ocr_line' id='line_1_21' title="bbox 735 3127 3181 3209; baseline -0.002 -21"><span class='ocrx_word' id='word_1_199' title='bbox 735 3177 740 3181; x_wconf 79' lang='grc'><strong>.</strong></span> <span class='ocrx_word' id='word_1_200' title='bbox 773 3130 938 3189; x_wconf 88' lang='lat' dir='ltr'><strong>nibus</strong></span> <span class='ocrx_word' id='word_1_201' title='bbox 965 3138 1479 3209; x_wconf 84' lang='lat' dir='ltr'><strong>quantumcumque</strong></span> <span class='ocrx_word' id='word_1_202' title='bbox 1506 3129 1704 3188; x_wconf 78' lang='lat' dir='ltr'><strong>velint.</strong></span> <span class='ocrx_word' id='word_1_203' title='bbox 1784 3129 1880 3188; x_wconf 84' lang='lat' dir='ltr'><strong>De</strong></span> <span class='ocrx_word' id='word_1_204' title='bbox 1922 3129 2037 3188; x_wconf 87' lang='lat' dir='ltr'><strong>illis</strong></span> <span class='ocrx_word' id='word_1_205' title='bbox 2072 3147 2211 3188; x_wconf 82' lang='lat' dir='ltr'><strong>vero</strong></span> <span class='ocrx_word' id='word_1_206' title='bbox 2252 3128 2599 3200; x_wconf 77' lang='lat' dir='ltr'><strong>substantiis,</strong></span> <span class='ocrx_word' id='word_1_207' title='bbox 2638 3149 2766 3209; x_wconf 68' lang='lat' dir='ltr'><strong>qum</strong></span> <span class='ocrx_word' id='word_1_208' title='bbox 2802 3134 3083 3209; x_wconf 77' lang='lat' dir='ltr'><strong>apparent</strong></span> <span class='ocrx_word' id='word_1_209' title='bbox 3116 3127 3181 3185; x_wconf 88' lang='lat' dir='ltr'><strong>in</strong></span> 
     </span>
     <span class='ocr_line' id='line_1_22' title="bbox 777 3226 3183 3305; baseline -0 -20"><span class='ocrx_word' id='word_1_210' title='bbox 777 3227 1053 3297; x_wconf 83' lang='lat' dir='ltr'><strong>domibus,</strong></span> <span class='ocrx_word' id='word_1_211' title='bbox 1087 3246 1228 3305; x_wconf 84' lang='lat' dir='ltr'><strong>quas</strong></span> <span class='ocrx_word' id='word_1_212' title='bbox 1266 3226 1536 3287; x_wconf 63' lang='lat' dir='ltr'><strong>dontinus</strong></span> <span class='ocrx_word' id='word_1_213' title='bbox 1574 3237 1916 3296; x_wconf 73' lang='lat' dir='ltr'><strong>nocturnas,</strong></span> <span class='ocrx_word' id='word_1_214' title='bbox 1954 3233 2015 3297; x_wconf 80' lang='lat' dir='ltr'><strong>et</strong></span> <span class='ocrx_word' id='word_1_215' title='bbox 2048 3226 2361 3305; x_wconf 83' lang='lat' dir='ltr'><strong>principem</strong></span> <span class='ocrx_word' id='word_1_216' title='bbox 2394 3246 2595 3285; x_wconf 79' lang='lat' dir='ltr'><strong>earum</strong></span> <span class='ocrx_word' id='word_1_217' title='bbox 2626 3233 2835 3285; x_wconf 81' lang='lat' dir='ltr'><strong>vocant</strong></span> <span class='ocrx_word' id='word_1_218' title='bbox 2876 3226 3183 3285; x_wconf 64' lang='lat' dir='ltr'><strong>dontius·</strong></span> 
     </span>
     <span class='ocr_line' id='line_1_23' title="bbox 779 3318 3187 3401; baseline -0.002 -18"><span class='ocrx_word' id='word_1_219' title='bbox 779 3319 1138 3393; x_wconf 74' lang='lat' dir='ltr'><strong>Abunds&#39;am,</strong></span> <span class='ocrx_word' id='word_1_220' title='bbox 1173 3342 1278 3401; x_wconf 86' lang='lat' dir='ltr'><strong>pro</strong></span> <span class='ocrx_word' id='word_1_221' title='bbox 1303 3342 1375 3382; x_wconf 87' lang='lat' dir='ltr'><strong>eo</strong></span> <span class='ocrx_word' id='word_1_222' title='bbox 1402 3322 1557 3401; x_wconf 83' lang='lat' dir='ltr'><strong>quod</strong></span> <span class='ocrx_word' id='word_1_223' title='bbox 1583 3323 1858 3392; x_wconf 84' lang='lat' dir='ltr'><strong>domibus,</strong></span> <span class='ocrx_word' id='word_1_224' title='bbox 1885 3340 2027 3401; x_wconf 79' lang='lat' dir='ltr'><strong>quas</strong></span> <span class='ocrx_word' id='word_1_225' title='bbox 2052 3322 2439 3400; x_wconf 70' lang='lat' dir='ltr'><strong>frequentant,</strong></span> <span class='ocrx_word' id='word_1_226' title='bbox 2474 3320 2875 3381; x_wconf 82' lang='lat' dir='ltr'><strong>abundantiam</strong></span> <span class='ocrx_word' id='word_1_227' title='bbox 2896 3318 3187 3381; x_wconf 80' lang='lat' dir='ltr'><strong>bonorum</strong></span> 
     </span>
     <span class='ocr_line' id='line_1_24' title="bbox 778 3416 3186 3498; baseline -0.001 -21"><span class='ocrx_word' id='word_1_228' title='bbox 778 3418 1164 3497; x_wconf 79' lang='lat' dir='ltr'><strong>temporalium</strong></span> <span class='ocrx_word' id='word_1_229' title='bbox 1190 3427 1464 3496; x_wconf 76' lang='lat' dir='ltr'><strong>praestare</strong></span> <span class='ocrx_word' id='word_1_230' title='bbox 1491 3426 1778 3497; x_wconf 83' lang='lat' dir='ltr'><strong>putantur,</strong></span> <span class='ocrx_word' id='word_1_231' title='bbox 1805 3438 1919 3477; x_wconf 92' lang='lat' dir='ltr'><strong>non</strong></span> <span class='ocrx_word' id='word_1_232' title='bbox 1946 3416 2102 3477; x_wconf 87' lang='lat' dir='ltr'><strong>aliud</strong></span> <span class='ocrx_word' id='word_1_233' title='bbox 2128 3419 2233 3477; x_wconf 88' lang='lat' dir='ltr'><strong>tibi</strong></span> <span class='ocrx_word' id='word_1_234' title='bbox 2270 3419 2625 3478; x_wconf 85' lang='lat' dir='ltr'><strong>sentiendum</strong></span> <span class='ocrx_word' id='word_1_235' title='bbox 2649 3427 2755 3489; x_wconf 84' lang='lat' dir='ltr'><strong>est,</strong></span> <span class='ocrx_word' id='word_1_236' title='bbox 2782 3438 2971 3498; x_wconf 85' lang='lat' dir='ltr'><strong>neque</strong></span> <span class='ocrx_word' id='word_1_237' title='bbox 2996 3418 3186 3485; x_wconf 84' lang='lat' dir='ltr'><strong>aliter,</strong></span> 
     </span>
     <span class='ocr_line' id='line_1_25' title="bbox 778 3506 3188 3595; baseline -0.002 -20"><span class='ocrx_word' id='word_1_238' title='bbox 778 3536 949 3595; x_wconf 84' lang='lat' dir='ltr'><strong>quam</strong></span> <span class='ocrx_word' id='word_1_239' title='bbox 990 3515 1460 3594; x_wconf 83' lang='lat' dir='ltr'><strong>quemadmodum</strong></span> <span class='ocrx_word' id='word_1_240' title='bbox 1504 3514 1576 3573; x_wconf 85' lang='lat' dir='ltr'><strong>de</strong></span> <span class='ocrx_word' id='word_1_241' title='bbox 1621 3513 1734 3573; x_wconf 88' lang='lat' dir='ltr'><strong>illis</strong></span> <span class='ocrx_word' id='word_1_242' title='bbox 1779 3513 2045 3573; x_wconf 80' lang='lat' dir='ltr'><strong>audivisti</strong></span> <span class='ocrx_word' id='word_1_243' title='bbox 2062 3534 2081 3573; x_wconf 71' lang='grc' dir='ltr'><em>ε</em></span> <span class='ocrx_word' id='word_1_244' title='bbox 2136 3506 2292 3593; x_wconf 78' lang='lat' dir='ltr'><strong>quod</strong></span> <span class='ocrx_word' id='word_1_245' title='bbox 2348 3514 2503 3574; x_wconf 86' lang='lat' dir='ltr'><strong>enim</strong></span> <span class='ocrx_word' id='word_1_246' title='bbox 2543 3515 2836 3575; x_wconf 75' lang='lat' dir='ltr'><strong>comedere</strong></span> <span class='ocrx_word' id='word_1_247' title='bbox 2876 3522 2939 3575; x_wconf 86' lang='lat' dir='ltr'><strong>et</strong></span> <span class='ocrx_word' id='word_1_248' title='bbox 2988 3513 3188 3574; x_wconf 81' lang='lat' dir='ltr'><strong>bibero</strong></span> 
     </span>
     <span class='ocr_line' id='line_1_26' title="bbox 779 3607 3189 3687; baseline -0.002 -16"><span class='ocrx_word' id='word_1_249' title='bbox 779 3612 1061 3682; x_wconf 79' lang='lat' dir='ltr'><strong>videntur,</strong></span> <span class='ocrx_word' id='word_1_250' title='bbox 1094 3610 1238 3670; x_wconf 82' lang='lat' dir='ltr'><strong>visio</strong></span> <span class='ocrx_word' id='word_1_251' title='bbox 1279 3610 1532 3670; x_wconf 82' lang='lat' dir='ltr'><strong>illusoria</strong></span> <span class='ocrx_word' id='word_1_252' title='bbox 1545 3616 1792 3669; x_wconf 72' lang='lat' dir='ltr'><strong>—tanum</strong></span> <span class='ocrx_word' id='word_1_253' title='bbox 1841 3619 1948 3680; x_wconf 89' lang='lat' dir='ltr'><strong>est,</strong></span> <span class='ocrx_word' id='word_1_254' title='bbox 1988 3629 2122 3669; x_wconf 88' lang='lat' dir='ltr'><strong>cum</strong></span> <span class='ocrx_word' id='word_1_255' title='bbox 2167 3608 2530 3669; x_wconf 79' lang='lat' dir='ltr'><strong>manifestum</strong></span> <span class='ocrx_word' id='word_1_256' title='bbox 2572 3610 2646 3671; x_wconf 87' lang='lat' dir='ltr'><strong>sit</strong></span> <span class='ocrx_word' id='word_1_257' title='bbox 2688 3610 3033 3670; x_wconf 82' lang='lat' dir='ltr'><strong>substantias</strong></span> <span class='ocrx_word' id='word_1_258' title='bbox 3070 3607 3189 3687; x_wconf 88' lang='lat' dir='ltr'><strong>spi-</strong></span> 
     </span>
     <span class='ocr_line' id='line_1_27' title="bbox 779 3706 3188 3787; baseline -0 -20"><span class='ocrx_word' id='word_1_259' title='bbox 779 3706 1010 3767; x_wconf 87' lang='lat' dir='ltr'><strong>rituales</strong></span> <span class='ocrx_word' id='word_1_260' title='bbox 1051 3707 1189 3767; x_wconf 81' lang='lat' dir='ltr'><strong>cibis</strong></span> <span class='ocrx_word' id='word_1_261' title='bbox 1229 3716 1333 3767; x_wconf 90' lang='lat' dir='ltr'><strong>aut</strong></span> <span class='ocrx_word' id='word_1_262' title='bbox 1365 3707 1594 3787; x_wconf 89' lang='lat' dir='ltr'><strong>potibus</strong></span> <span class='ocrx_word' id='word_1_263' title='bbox 1633 3706 2017 3786; x_wconf 77' lang='lat' dir='ltr'><strong>corporalibus</strong></span> <span class='ocrx_word' id='word_1_264' title='bbox 2060 3707 2145 3766; x_wconf 91' lang='lat' dir='ltr'><strong>uti</strong></span> <span class='ocrx_word' id='word_1_265' title='bbox 2180 3726 2297 3766; x_wconf 89' lang='lat' dir='ltr'><strong>non</strong></span> <span class='ocrx_word' id='word_1_266' title='bbox 2334 3726 2523 3787; x_wconf 83' lang='lat' dir='ltr'><strong>posse.</strong></span> <span class='ocrx_word' id='word_1_267' title='bbox 2602 3706 2828 3769; x_wconf 83' lang='lat' dir='ltr'><strong>Deinde</strong></span> <span class='ocrx_word' id='word_1_268' title='bbox 2859 3706 3004 3766; x_wconf 82' lang='lat' dir='ltr'><strong>nihil</strong></span> <span class='ocrx_word' id='word_1_269' title='bbox 3044 3726 3188 3767; x_wconf 89' lang='lat' dir='ltr'><strong>con·</strong></span> 
     </span>
     <span class='ocr_line' id='line_1_28' title="bbox 742 3804 3187 3885; baseline 0.001 -21"><span class='ocrx_word' id='word_1_270' title='bbox 742 3866 751 3875; x_wconf 79' lang='grc'><strong>,</strong></span> <span class='ocrx_word' id='word_1_271' title='bbox 783 3804 1114 3883; x_wconf 87' lang='lat' dir='ltr'><strong>sumptionis</strong></span> <span class='ocrx_word' id='word_1_272' title='bbox 1165 3812 1267 3863; x_wconf 85' lang='lat' dir='ltr'><strong>aut</strong></span> <span class='ocrx_word' id='word_1_273' title='bbox 1313 3804 1696 3864; x_wconf 86' lang='lat' dir='ltr'><strong>diminutionis</strong></span> <span class='ocrx_word' id='word_1_274' title='bbox 1738 3814 1973 3883; x_wconf 81' lang='lat' dir='ltr'><strong>apparet</strong></span> <span class='ocrx_word' id='word_1_275' title='bbox 2014 3804 2075 3863; x_wconf 91' lang='lat' dir='ltr'><strong>in</strong></span> <span class='ocrx_word' id='word_1_276' title='bbox 2116 3804 2258 3864; x_wconf 80' lang='lat' dir='ltr'><strong>cibis</strong></span> <span class='ocrx_word' id='word_1_277' title='bbox 2286 3814 2361 3865; x_wconf 64' lang='lat' dir='ltr'><strong>‘et</strong></span> <span class='ocrx_word' id='word_1_278' title='bbox 2392 3806 2619 3885; x_wconf 84' lang='lat' dir='ltr'><strong>potibus</strong></span> <span class='ocrx_word' id='word_1_279' title='bbox 2664 3804 3071 3885; x_wconf 82' lang='lat' dir='ltr'><strong>corporalibus,</strong></span> <span class='ocrx_word' id='word_1_280' title='bbox 3110 3805 3187 3866; x_wconf 79' lang='lat' dir='ltr'><strong>de</strong></span> 
     </span>
     <span class='ocr_line' id='line_1_29' title="bbox 780 3900 3185 3981; baseline 0.002 -23"><span class='ocrx_word' id='word_1_281' title='bbox 780 3900 982 3978; x_wconf 84' lang='lat' dir='ltr'><strong>qm&#39;bus</strong></span> <span class='ocrx_word' id='word_1_282' title='bbox 1009 3901 1314 3978; x_wconf 78' lang='lat' dir='ltr'><strong>sumpsisse</strong></span> <span class='ocrx_word' id='word_1_283' title='bbox 1342 3900 1623 3972; x_wconf 83' lang='lat' dir='ltr'><strong>videntur,</strong></span> <span class='ocrx_word' id='word_1_284' title='bbox 1651 3912 1780 3981; x_wconf 84' lang='lat' dir='ltr'><strong>post</strong></span> <span class='ocrx_word' id='word_1_285' title='bbox 1805 3920 2089 3961; x_wconf 81' lang='lat' dir='ltr'><strong>recessum</strong></span> <span class='ocrx_word' id='word_1_286' title='bbox 2120 3920 2319 3961; x_wconf 87' lang='lat' dir='ltr'><strong>eorum</strong></span> <span class='ocrx_word' id='word_1_287' title='bbox 2354 3902 2447 3961; x_wconf 83' lang='lat' dir='ltr'><strong>vel</strong></span> <span class='ocrx_word' id='word_1_288' title='bbox 2482 3902 2675 3981; x_wconf 79' lang='lat' dir='ltr'><strong>potius</strong></span> <span class='ocrx_word' id='word_1_289' title='bbox 2712 3910 3015 3981; x_wconf 82' lang='lat' dir='ltr'><strong>postquam</strong></span> <span class='ocrx_word' id='word_1_290' title='bbox 3049 3920 3185 3962; x_wconf 79' lang='lat' dir='ltr'><strong>eva·</strong></span> 
     </span>
     <span class='ocr_line' id='line_1_30' title="bbox 779 3996 3184 4076; baseline 0 -20"><span class='ocrx_word' id='word_1_291' title='bbox 779 3998 1021 4056; x_wconf 89' lang='lat' dir='ltr'><strong>nuerint.</strong></span> <span class='ocrx_word' id='word_1_292' title='bbox 1101 3996 1466 4076; x_wconf 84' lang='lat' dir='ltr'><strong>Quapropter</strong></span> <span class='ocrx_word' id='word_1_293' title='bbox 1501 4016 1748 4075; x_wconf 83' lang='lat' dir='ltr'><strong>eousque</strong></span> <span class='ocrx_word' id='word_1_294' title='bbox 1782 3996 2023 4057; x_wconf 80' lang='lat' dir='ltr'><strong>invaluit</strong></span> <span class='ocrx_word' id='word_1_295' title='bbox 2061 3996 2303 4057; x_wconf 78' lang='lat' dir='ltr'><strong>stultitia</strong></span> <span class='ocrx_word' id='word_1_296' title='bbox 2332 3997 2647 4068; x_wconf 87' lang='lat' dir='ltr'><strong>bominum,</strong></span> <span class='ocrx_word' id='word_1_297' title='bbox 2673 4005 2735 4056; x_wconf 88' lang='lat' dir='ltr'><strong>et</strong></span> <span class='ocrx_word' id='word_1_298' title='bbox 2770 3996 2993 4056; x_wconf 84' lang='lat' dir='ltr'><strong>insania</strong></span> <span class='ocrx_word' id='word_1_299' title='bbox 3016 4005 3184 4057; x_wconf 80' lang='lat' dir='ltr'><strong>vetn-</strong></span> 
     </span>
     <span class='ocr_line' id='line_1_31' title="bbox 777 4089 3187 4172; baseline -0.001 -20"><span class='ocrx_word' id='word_1_300' title='bbox 777 4092 980 4162; x_wconf 88' lang='lat' dir='ltr'><strong>larum,</strong></span> <span class='ocrx_word' id='word_1_301' title='bbox 1033 4100 1100 4151; x_wconf 92' lang='lat' dir='ltr'><strong>ut</strong></span> <span class='ocrx_word' id='word_1_302' title='bbox 1144 4110 1282 4151; x_wconf 82' lang='lat' dir='ltr'><strong>vasa</strong></span> <span class='ocrx_word' id='word_1_303' title='bbox 1332 4092 1452 4152; x_wconf 79' lang='lat' dir='ltr'><strong>vini</strong></span> <span class='ocrx_word' id='word_1_304' title='bbox 1503 4100 1563 4153; x_wconf 80' lang='lat' dir='ltr'><strong>et</strong></span> <span class='ocrx_word' id='word_1_305' title='bbox 1616 4092 1966 4172; x_wconf 73' lang='lat' dir='ltr'><strong>receptamssa</strong></span> <span class='ocrx_word' id='word_1_306' title='bbox 2017 4092 2273 4152; x_wconf 87' lang='lat' dir='ltr'><strong>ciborum</strong></span> <span class='ocrx_word' id='word_1_307' title='bbox 2325 4092 2679 4170; x_wconf 83' lang='lat' dir='ltr'><strong>discooperta</strong></span> <span class='ocrx_word' id='word_1_308' title='bbox 2728 4089 3075 4169; x_wconf 68' lang='lat' dir='ltr'><strong>relinquant,</strong></span> <span class='ocrx_word' id='word_1_309' title='bbox 3122 4099 3187 4170; x_wconf 78' lang='lat' dir='ltr'><strong>et</strong></span> 
     </span>
     <span class='ocr_line' id='line_1_32' title="bbox 779 4184 3183 4269; baseline -0 -20"><span class='ocrx_word' id='word_1_310' title='bbox 779 4191 1010 4249; x_wconf 87' lang='lat' dir='ltr'><strong>omnino</strong></span> <span class='ocrx_word' id='word_1_311' title='bbox 1047 4210 1152 4249; x_wconf 86' lang='lat' dir='ltr'><strong>nec</strong></span> <span class='ocrx_word' id='word_1_312' title='bbox 1177 4190 1477 4249; x_wconf 84' lang='lat' dir='ltr'><strong>obstruant</strong></span> <span class='ocrx_word' id='word_1_313' title='bbox 1515 4209 1698 4269; x_wconf 88' lang='lat' dir='ltr'><strong>neque</strong></span> <span class='ocrx_word' id='word_1_314' title='bbox 1733 4188 1998 4249; x_wconf 78' lang='lat' dir='ltr'><strong>claudant</strong></span> <span class='ocrx_word' id='word_1_315' title='bbox 2032 4190 2116 4249; x_wconf 84' lang='lat' dir='ltr'><strong>eis</strong></span> <span class='ocrx_word' id='word_1_316' title='bbox 2154 4188 2415 4248; x_wconf 83' lang='lat' dir='ltr'><strong>noctibus</strong></span> <span class='ocrx_word' id='word_1_317' title='bbox 2455 4187 2661 4268; x_wconf 86' lang='lat' dir='ltr'><strong>quibus</strong></span> <span class='ocrx_word' id='word_1_318' title='bbox 2700 4184 2775 4245; x_wconf 87' lang='lat' dir='ltr'><strong>ad</strong></span> <span class='ocrx_word' id='word_1_319' title='bbox 2808 4186 3009 4246; x_wconf 83' lang='lat' dir='ltr'><strong>domos</strong></span> <span class='ocrx_word' id='word_1_320' title='bbox 3050 4208 3183 4248; x_wconf 82' lang='lat' dir='ltr'><strong>suas</strong></span> 
     </span>
     <span class='ocr_line' id='line_1_33' title="bbox 781 4282 3183 4363; baseline -0.002 -16"><span class='ocrx_word' id='word_1_321' title='bbox 781 4308 877 4347; x_wconf 82' lang='lat' dir='ltr'><strong>cas</strong></span> <span class='ocrx_word' id='word_1_322' title='bbox 929 4286 1164 4347; x_wconf 83' lang='lat' dir='ltr'><strong>credunt</strong></span> <span class='ocrx_word' id='word_1_323' title='bbox 1204 4286 1564 4358; x_wconf 80' lang='lat' dir='ltr'><strong>adventuras,</strong></span> <span class='ocrx_word' id='word_1_324' title='bbox 1605 4305 1676 4346; x_wconf 85' lang='lat' dir='ltr'><strong>ca</strong></span> <span class='ocrx_word' id='word_1_325' title='bbox 1714 4285 1786 4345; x_wconf 82' lang='lat' dir='ltr'><strong>dc</strong></span> <span class='ocrx_word' id='word_1_326' title='bbox 1829 4304 2002 4345; x_wconf 81' lang='lat' dir='ltr'><strong>causa</strong></span> <span class='ocrx_word' id='word_1_327' title='bbox 2042 4284 2324 4356; x_wconf 83' lang='lat' dir='ltr'><strong>videlicet,</strong></span> <span class='ocrx_word' id='word_1_328' title='bbox 2366 4293 2432 4344; x_wconf 89' lang='lat' dir='ltr'><strong>ut</strong></span> <span class='ocrx_word' id='word_1_329' title='bbox 2484 4282 2640 4343; x_wconf 84' lang='lat' dir='ltr'><strong>cibos</strong></span> <span class='ocrx_word' id='word_1_330' title='bbox 2690 4290 2752 4342; x_wconf 79' lang='lat' dir='ltr'><strong>et</strong></span> <span class='ocrx_word' id='word_1_331' title='bbox 2803 4291 2975 4362; x_wconf 86' lang='lat' dir='ltr'><strong>potus</strong></span> <span class='ocrx_word' id='word_1_332' title='bbox 3018 4284 3183 4363; x_wconf 85' lang='lat' dir='ltr'><strong>quasi</strong></span> 
     </span>
     <span class='ocr_line' id='line_1_34' title="bbox 779 4378 3183 4463; baseline -0.002 -18"><span class='ocrx_word' id='word_1_333' title='bbox 779 4394 1006 4463; x_wconf 78' lang='lat' dir='ltr'><strong>paratos</strong></span> <span class='ocrx_word' id='word_1_334' title='bbox 1047 4383 1354 4453; x_wconf 82' lang='lat' dir='ltr'><strong>inveniant,</strong></span> <span class='ocrx_word' id='word_1_335' title='bbox 1401 4392 1460 4443; x_wconf 90' lang='lat' dir='ltr'><strong>et</strong></span> <span class='ocrx_word' id='word_1_336' title='bbox 1501 4402 1600 4443; x_wconf 88' lang='lat' dir='ltr'><strong>eos</strong></span> <span class='ocrx_word' id='word_1_337' title='bbox 1641 4384 1856 4462; x_wconf 87' lang='lat' dir='ltr'><strong>absque</strong></span> <span class='ocrx_word' id='word_1_338' title='bbox 1899 4380 2235 4442; x_wconf 71' lang='lat' dir='ltr'><strong>difficultate</strong></span> <span class='ocrx_word' id='word_1_339' title='bbox 2278 4378 2641 4459; x_wconf 81' lang='lat' dir='ltr'><strong>apparitionis</strong></span> <span class='ocrx_word' id='word_1_340' title='bbox 2682 4397 2787 4457; x_wconf 88' lang='lat' dir='ltr'><strong>pro</strong></span> <span class='ocrx_word' id='word_1_341' title='bbox 2827 4378 3183 4459; x_wconf 84' lang='lat' dir='ltr'><strong>beneplacito</strong></span> 
     </span>
     <span class='ocr_line' id='line_1_35' title="bbox 785 4476 3183 4555; baseline -0.002 -16"><span class='ocrx_word' id='word_1_342' title='bbox 785 4488 1028 4540; x_wconf 83' lang='lat' dir='ltr'><strong>sumant.</strong></span> <span class='ocrx_word' id='word_1_343' title='bbox 1106 4480 1224 4542; x_wconf 87' lang='lat' dir='ltr'><strong>Ubi</strong></span> <span class='ocrx_word' id='word_1_344' title='bbox 1261 4480 1628 4539; x_wconf 82' lang='lat' dir='ltr'><strong>manifestum</strong></span> <span class='ocrx_word' id='word_1_345' title='bbox 1651 4487 1758 4549; x_wconf 83' lang='lat' dir='ltr'><strong>est,</strong></span> <span class='ocrx_word' id='word_1_346' title='bbox 1784 4476 1968 4538; x_wconf 78' lang='lat' dir='ltr'><strong>scelus</strong></span> <span class='ocrx_word' id='word_1_347' title='bbox 2004 4476 2279 4537; x_wconf 64' lang='lat' dir='ltr'><strong>idolatria</strong></span> <span class='ocrx_word' id='word_1_348' title='bbox 2305 4476 2600 4547; x_wconf 87' lang='lat' dir='ltr'><strong>committi,</strong></span> <span class='ocrx_word' id='word_1_349' title='bbox 2624 4494 2755 4535; x_wconf 87' lang='lat' dir='ltr'><strong>cum</strong></span> <span class='ocrx_word' id='word_1_350' title='bbox 2780 4476 2892 4535; x_wconf 88' lang='lat' dir='ltr'><strong>cibi</strong></span> <span class='ocrx_word' id='word_1_351' title='bbox 2916 4485 2976 4535; x_wconf 90' lang='lat' dir='ltr'><strong>et</strong></span> <span class='ocrx_word' id='word_1_352' title='bbox 3011 4484 3183 4555; x_wconf 74' lang='lat' dir='ltr'><strong>potus</strong></span> 
     </span>
     <span class='ocr_line' id='line_1_36' title="bbox 781 4569 3186 4657; baseline -0.003 -19"><span class='ocrx_word' id='word_1_353' title='bbox 781 4578 1039 4657; x_wconf 74' lang='lat' dir='ltr'><strong>malignis</strong></span> <span class='ocrx_word' id='word_1_354' title='bbox 1064 4578 1352 4656; x_wconf 86' lang='lat' dir='ltr'><strong>spiritibus</strong></span> <span class='ocrx_word' id='word_1_355' title='bbox 1393 4576 1509 4636; x_wconf 86' lang='lat' dir='ltr'><strong>sint</strong></span> <span class='ocrx_word' id='word_1_356' title='bbox 1531 4573 1768 4655; x_wconf 84' lang='lat' dir='ltr'><strong>expositi</strong></span> <span class='ocrx_word' id='word_1_357' title='bbox 1799 4592 1868 4633; x_wconf 86' lang='lat' dir='ltr'><strong>ea</strong></span> <span class='ocrx_word' id='word_1_358' title='bbox 1891 4572 2225 4644; x_wconf 84' lang='lat' dir='ltr'><strong>intentione,</strong></span> <span class='ocrx_word' id='word_1_359' title='bbox 2250 4591 2367 4653; x_wconf 81' lang='lat' dir='ltr'><strong>qua</strong></span> <span class='ocrx_word' id='word_1_360' title='bbox 2391 4569 2466 4630; x_wconf 86' lang='lat' dir='ltr'><strong>ad</strong></span> <span class='ocrx_word' id='word_1_361' title='bbox 2487 4569 2678 4633; x_wconf 86' lang='lat' dir='ltr'><strong>locum</strong></span> <span class='ocrx_word' id='word_1_362' title='bbox 2703 4571 2927 4631; x_wconf 80' lang='lat' dir='ltr'><strong>venturi</strong></span> <span class='ocrx_word' id='word_1_363' title='bbox 2950 4578 3013 4631; x_wconf 81' lang='lat' dir='ltr'><strong>et</strong></span> <span class='ocrx_word' id='word_1_364' title='bbox 3048 4570 3186 4631; x_wconf 81' lang='lat' dir='ltr'><strong>inde</strong></span> 
     </span>
     <span class='ocr_line' id='line_1_37' title="bbox 785 4673 1412 4753; baseline 0 -20"><span class='ocrx_word' id='word_1_365' title='bbox 785 4674 1057 4753; x_wconf 88' lang='lat' dir='ltr'><strong>sumpturi</strong></span> <span class='ocrx_word' id='word_1_366' title='bbox 1082 4673 1412 4734; x_wconf 84' lang='lat' dir='ltr'><strong>creduntur.</strong></span> 
     </span>
    </p>

    <p class='ocr_par' dir='ltr' id='par_1_6' title="bbox 963 4767 2991 4838">
     <span class='ocr_line' id='line_1_38' title="bbox 963 4767 2991 4838; baseline -0.002 -27"><span class='ocrx_word' id='word_1_367' title='bbox 963 4774 999 4811; x_wconf 71' lang='lat' dir='ltr'><strong>a</strong></span> <span class='ocrx_word' id='word_1_368' title='bbox 1221 4774 1280 4823; x_wconf 57' lang='grc' dir='ltr'><strong>,ι</strong></span> <span class='ocrx_word' id='word_1_369' title='bbox 1526 4774 1562 4810; x_wconf 69' lang='lat' dir='ltr'><strong>s</strong></span> <span class='ocrx_word' id='word_1_370' title='bbox 1811 4770 1849 4810; x_wconf 73' lang='lat' dir='ltr'><strong>a</strong></span> <span class='ocrx_word' id='word_1_371' title='bbox 2099 4770 2135 4833; x_wconf 67' lang='lat' dir='ltr'><strong>a</strong></span> <span class='ocrx_word' id='word_1_372' title='bbox 2288 4830 2297 4838; x_wconf 38' lang='lat'><strong>·</strong></span> <span class='ocrx_word' id='word_1_373' title='bbox 2381 4767 2418 4806; x_wconf 70' lang='lat' dir='ltr'><strong>a</strong></span> <span class='ocrx_word' id='word_1_374' title='bbox 2662 4769 2701 4805; x_wconf 68' lang='lat' dir='ltr'><strong>s</strong></span> <span class='ocrx_word' id='word_1_375' title='bbox 2948 4768 2991 4807; x_wconf 64' lang='lat' dir='ltr'><strong>a</strong></span> 
     </span>
    </p>
   </div>
  </div>
 </body>
</html>
