3867 6400
1659 1212 1801 1259 roa
1831 1211 2187 1260 sonetur.
2465 1251 2468 1254 ⁴
3113 1196 3224 1254 19

708 1359 1144 1428 transmisisse
1173 1360 1287 1449 qui
1334 1360 1404 1427 in
1433 1383 1630 1428 causa
1657 1362 1813 1428 fidei
1852 1371 2037 1429 tuam
2077 1362 2306 1429 timeat
2331 1360 2713 1450 potentiam,
2738 1361 3015 1440 minas,
3052 1380 3215 1425 seu

707 1471 1004 1544 terrores,
1061 1463 1218 1551 quin
1276 1465 1500 1550 potius
1559 1488 1695 1531 non
1771 1463 1992 1530 solum
2050 1485 2370 1530 carcerem
2426 1465 2538 1529 sed
2595 1473 2665 1529 et
2720 1473 3050 1529 mortem
3129 1460 3209 1526 εἰ

709 1574 1006 1650 oporteat
1032 1566 1272 1630 erimus
1301 1587 1452 1631 cum
1472 1565 1601 1632 Dei
1630 1564 1959 1651 adjutorio
1990 1565 2200 1652 parati
2229 1563 2565 1631 sustinere.
2650 1566 2894 1631 Vestro
2922 1563 3205 1652 igitur

705 1666 1118 1753 praelatorum
1147 1678 1216 1733 et
1243 1668 1516 1734 aliorum
1546 1668 1868 1734 nobilium
1913 1668 2345 1755 relinquimus
2380 1666 2648 1754 judicio,
2677 1667 2735 1731 si
2759 1668 2903 1734 haec
2933 1666 3198 1754 signa

709 1778 778 1834 et
806 1790 1000 1855 opera
1026 1769 1316 1836 fidelium
1346 1771 1474 1836 dici
1504 1769 1788 1836 debeant
1813 1793 1900 1835 an
1930 1770 2274 1836 aliorum.”

798 1872 963 1938 Haec
991 1872 1263 1938 audiens
1293 1873 1600 1938 dominus
1627 1873 1965 1938 Amaldus
1996 1873 2067 1939 in
2104 1874 2269 1938 iram
2297 1872 2716 1939 vehementer
2744 1881 3182 1938 commotus

711 1975 1008 2057 surrexit,
1051 1984 1120 2040 et
1147 1973 1455 2061 episcopo
1485 1975 1830 2061 respondit
1847 1999 1867 2040 ε
1913 1981 1961 2014 “
1990 1976 2173 2042 Bene
2202 1973 2372 2041 bene
2400 1972 2657 2039 dabitur
2684 1973 2808 2039 tibi
2850 1973 3175 2040 obviam

709 2098 1093 2164 quocunque
1121 2075 1384 2143 vadas.”
1462 2074 1602 2142 -Cui
1646 2077 2040 2165 episcopusz
2085 2082 2131 2116 “
2160 2078 2233 2144 Si
2276 2076 2463 2142 nobis
2492 2075 2757 2143 obviam
2787 2099 2938 2142 cum
2982 2075 3170 2141 tuis
3264 2128 3274 2133 ,

711 2178 1095 2244 satellitibus
1123 2178 1400 2259 veneris,
1438 2188 1740 2266 paratum
1786 2180 2085 2246 invenies
2114 2179 2229 2267 qui
2268 2179 2481 2247 animo
2523 2179 2681 2245 laeto
2711 2189 2781 2245 et
2821 2179 3166 2266 Jocundo
3275 2177 3285 2183 ⁴

708 2302 830 2368 pro
878 2279 1007 2345 fide
1051 2279 1300 2346 Christi
1344 2290 1643 2348 occurrat
1683 2281 1874 2347 tibi.”
1981 2283 2077 2347 Et
2129 2281 2260 2347 hiis
2319 2281 2524 2358 dictis,
2571 2289 2844 2368 accepta
2893 2302 3161 2347 secum

709 2379 938 2445 militia
967 2403 1084 2446 sua
1111 2404 1260 2448 cum
1288 2385 1563 2469 praefato
1593 2385 1955 2467 Willelmo,
1984 2384 2235 2452 caeteris
2263 2384 2562 2452 omnibus
2589 2382 2661 2449 in
2689 2383 3160 2471 parliamento

709 2481 1159 2566 existentibus,
1189 2486 1458 2553 recessit
1485 2485 1567 2553 ab
1597 2487 1767 2554 aula.

793 2585 923 2651 Sed
971 2608 1120 2652 cum
1177 2588 1391 2669 multi,
1435 2587 1640 2654 immo
1694 2587 1882 2675 quasi
1933 2611 2189 2671 omnes,
2236 2589 2321 2655 ad
2371 2589 2678 2655 standum
2727 2586 3001 2654 firmiter
3052 2587 3151 2652 in

705 2711 899 2754 causa
914 2688 1066 2756 fidei
1095 2690 1473 2778 episcopum
1496 2691 1881 2772 animarent,
1904 2714 2044 2758 non
2071 2703 2176 2760 est
2195 2701 2414 2759 tamen
2439 2691 2786 2780 quisquam
2812 2691 3149 2757 inventus

705 2790 875 2857 inter
923 2814 1152 2858 omnes
1199 2794 1312 2880 qui
1356 2793 1618 2880 publice
1670 2815 1742 2859 se
1788 2793 2062 2861 auderet
2112 2816 2457 2882 exponere,
2501 2803 2774 2882 propter
2818 2792 3149 2859 timorem

706 2894 1215 2961 adversariorum
1254 2905 1323 2961 et
1365 2917 1592 2960 eorum
1643 2894 1890 2960 amicos
1931 2905 2003 2960 et
2038 2896 2346 2961 fautores.
2426 2894 2779 2985 Episcopis
2823 2894 3023 2982 igitur
3053 2904 3148 2961 et

703 2996 844 3062 aliis
892 2997 1175 3083 proelatis
1221 2997 1418 3061 simul
1445 2995 1884 3063 existentibus
1931 2997 2005 3062 in
2048 2997 2468 3084 parliamento
2496 3019 2630 3063 una
2658 3019 2813 3064 cum
2841 2998 3139 3063 discreto

699 3098 841 3163 viro
890 3099 1134 3165 decano
1184 3098 1535 3164 cathedrali
1593 3120 1670 3164 ac
1721 3098 1922 3163 etiam
1972 3097 2213 3163 vicario
2262 3098 2542 3184 generali
2588 3097 2880 3165 ecclesioe
2924 3099 3130 3165 Dub-

698 3199 987 3284 linensis,
1014 3202 1287 3268 accessit
1312 3200 1396 3267 ad
1440 3223 1558 3268 eos
1596 3200 1952 3288 episcopus
1981 3199 2414 3283 Ossoriensis,
2438 3200 2789 3272 consilium
2831 3212 2901 3268 et
2927 3202 3123 3268 auxi-

699 3302 863 3368 lium
905 3302 976 3368 in
1019 3325 1215 3369 causa
1258 3303 1413 3369 fidei
1470 3312 1705 3390 petens
1756 3301 1840 3368 ab
1893 3302 2167 3369 eisdem.
2257 3301 2386 3369 Cui
2433 3304 2795 3391 respondet
2838 3303 3129 3371 vicarius

705 3404 1132 3490 supradictus,
1160 3406 1338 3493 quod
1382 3404 1456 3471 in
1504 3414 1678 3471 terra
1709 3402 2052 3470 Hibernioe
2082 3401 2389 3469 dominus
2412 3403 2743 3471 Arnaldus
2791 3404 2856 3472 le
2892 3406 3131 3473 Power

699 3516 805 3573 est
819 3506 917 3573 vir
933 3530 1184 3594 magnae
1211 3507 1548 3596 potentioe,
1569 3517 1643 3575 et
1658 3507 2003 3595 expediret
2021 3505 2309 3594 primum
2338 3506 2509 3593 quod
2536 3507 2712 3572 inter
2732 3506 3127 3595 episcopum

703 3619 773 3676 et
814 3608 1032 3697 ipsum
1076 3633 1207 3697 pax
1253 3612 1736 3692 reformaretur,
1764 3620 1836 3677 et
1862 3619 2109 3677 extunc
2158 3609 2229 3675 in
2275 3631 2465 3676 causa
2509 3609 2800 3677 ecclesiae
2849 3609 3124 3677 liberius

702 3711 964 3798 procedi
990 3722 1237 3801 posset.
1325 3714 1453 3781 cui
1483 3713 1832 3801 episcopus
1864 3711 2279 3780 Ossoriensis
2296 3736 2317 3778 ε
2375 3716 2418 3751 ‘⁸
2446 3712 2620 3779 Cum
2647 3712 2853 3797 sint,”
2876 3713 3120 3802 inquit,

701 3818 749 3853 “
769 3814 962 3880 simul
987 3815 1097 3883 hic
1117 3817 1486 3904 congregati
1507 3817 1759 3904 praelati
1788 3814 2233 3904 quamplures,
2260 3815 2461 3882 etviri
2477 3815 2801 3899 catholici,
2821 3816 3118 3904 allegatis

699 3916 1033 3983 hincinde
1061 3940 1145 3984 ex
1190 3927 1459 4004 utraque
1501 3927 1688 4004 parte
1716 3915 2105 3999 rationibus,
2144 3939 2268 3983 nos
2319 3916 2592 3984 libenter
2619 3916 2690 3984 in
2738 3918 2866 3986 hac
2900 3928 3114 4007 parte,

701 4018 879 4084 salvo
899 4019 1047 4105 jure
1069 4017 1200 4084 Dei
1225 4028 1294 4085 et
1313 4016 1623 4098 ecclesioe,
1643 4027 1880 4085 vestrae
1904 4017 2227 4085 stabimus
2256 4018 2709 4086 ordinationi.”
2798 4020 3116 4088 Finaliter

697 4142 781 4188 ex
828 4129 1010 4207 parte
1039 4117 1327 4207 episcopi
1357 4117 1770 4185 Ossoriensis
1815 4129 1884 4185 et
1925 4119 2178 4186 domini
2203 4121 2470 4187 Amaldi
2515 4131 2919 4189 conventum
2950 4131 3117 4205 erat,

697 4223 872 4310 quod
914 4231 1192 4310 quatuor
1219 4219 1531 4309 episcopi,
1574 4220 1823 4287 scilicet
1866 4221 2244 4305 Fernensis,
2272 4222 2604 4306 Darensis,
2632 4224 3114 4307 Ymelacensis,

695 4335 766 4392 et
785 4325 1276 4413 Lysmonensis,
1296 4347 1430 4389 una
1450 4345 1601 4391 cum
1623 4323 2000 4411 supradicto
2019 4324 2268 4391 decano
2288 4326 2520 4393 vicario
2539 4328 2830 4415 generali
2851 4327 3107 4395 domini

694 4427 1158 4515 archiepiscopi
1174 4426 1626 4508 Dublinensis,
1647 4449 1876 4493 causas
1896 4426 2055 4493 hinc
2082 4428 2239 4495 inde
2260 4428 2573 4514 audirent,
2590 4441 2661 4497 et
2681 4429 3110 4497 amicabiliter

692 4537 1041 4594 tractarent
1090 4551 1286 4617 super
1318 4528 1499 4617 pacis
1550 4527 2013 4594 reformatione
2058 4527 2233 4595 inter
2258 4524 2456 4615 ipsos.
2545 4530 2680 4598 Sed
2728 4553 2881 4598 cum
2929 4530 3118 4618 epis-

693 4653 894 4718 copus
935 4630 1342 4697 Ossoriensis
1391 4630 1564 4696 inter
1605 4640 1841 4697 caetera
1885 4630 2265 4719 gravamina
2300 4655 2414 4699 sua
2452 4632 2757 4720 allegaret
2789 4631 2862 4698 in
2906 4653 3112 4699 causa

693 4732 844 4800 fidei
887 4732 1197 4820 injustam
1241 4732 1840 4822 incarcerationem,
1892 4733 2180 4801 decanus
2231 4733 2638 4822 supradictus
2681 4735 3112 4818 vehementer
