3867 6400
852 1417 950 1477 ’38
1190 1429 1702 1477 raom-‚snmus
1734 1429 2056 1476 aoamsr
2085 1429 2296 1475 naun
2328 1427 2552 1474 amca
2587 1427 2931 1476 anama

868 1589 1052 1668 pater
1088 1578 1183 1645 mi
1227 1587 1297 1646 et
1336 1577 1622 1661 domine,
1658 1587 2008 1667 postquam
2049 1599 2256 1646 annos
2305 1577 2492 1664 attigi
2541 1577 2974 1660 discretionis,
3016 1576 3088 1642 in
3137 1575 3266 1641 ista

872 1681 1108 1748 diocesi
1150 1681 1219 1746 in
1264 1681 1495 1748 officiis
1523 1681 1718 1748 variis
1747 1691 1816 1748 et
1858 1679 2208 1769 majoribus
2237 1701 2358 1766 ego
2387 1681 2504 1760 fui,
2549 1681 2790 1746 multas
2819 1679 3016 1746 etiam
3059 1689 3264 1747 terras

870 1791 939 1848 et
962 1781 1411 1868 possessiones
1440 1781 1877 1848 mediantibus
1906 1781 2068 1847 meis
2094 1779 2427 1848 laboribus
2455 1791 2524 1849 et
2542 1780 2894 1868 diligentiis
2923 1779 3266 1867 adquisivi,

866 1883 1057 1951 variis
1100 1883 1299 1951 etiam
1340 1885 1631 1972 gestibus
1680 1884 1847 1951 meis
1880 1894 1951 1951 et
1992 1882 2400 1970 negligentiis
2441 1885 2652 1950 fateor
2679 1883 2857 1970 quod
2897 1881 3265 1949 inordinate

864 2009 969 2052 me
996 1985 1217 2068 habui,
1258 1997 1527 2074 propter
1554 2009 1701 2073 quoe
1730 1997 1798 2054 et
1824 2009 2049 2054 eorum
2092 1984 2447 2072 quodlibet,
2475 1987 2560 2051 ad
2589 1987 2872 2052 offensas
2915 1984 3154 2082 multas
3196 1994 3268 2050 et

860 2109 1089 2174 graves
1137 2098 1218 2155 ut
1263 2089 1466 2155 timeo
1514 2088 1767 2155 vicinos
1820 2108 2000 2154 meos
2057 2085 2426 2174 provocavi.
2512 2087 2618 2153 De
2679 2095 2895 2152 vestra
2951 2085 3169 2172 igitur·
3195 2095 3267 2152 ct

865 2190 1152 2257 eeclesiae
1177 2190 1581 2278 benignitate
1600 2201 1669 2257 et
1696 2189 2132 2258 misericordia
2159 2187 2516 2269 confidens,
2539 2211 2687 2276 quae
2717 2187 2879 2253 mihi
2907 2197 2976 2254 et
2997 2187 3268 2256 cuilibet

861 2293 1185 2378 peccatori
1214 2292 1410 2360 debet
1436 2315 1583 2360 esse
1621 2303 1817 2374 certa,
1845 2303 2000 2360 vota
2027 2291 2477 2377 derelinquens
2503 2291 2870 2360 vicinorum
2911 2305 3058 2378 'qum
3101 2289 3266 2357 mihi

862 2404 1021 2459 sunt
1065 2394 1332 2477 incerta,
1366 2394 1593 2482 gratiae
1620 2405 1691 2462 et
1736 2395 2192 2462 misericordiae
2217 2401 2452 2461 vestris
2491 2403 2561 2462 et
2609 2393 2896 2461 ecclesias
2933 2415 3042 2460 me
3083 2415 3265 2460 com·

858 2495 1053 2562 mitto
1102 2495 1173 2563 in
1220 2496 1527 2564 omnibus
1578 2508 1647 2564 et
1689 2499 1903 2586 quoad
1955 2497 2171 2564 omnia
2219 2519 2366 2585 quae
2415 2496 2576 2562 mihi
2620 2519 2740 2582 per
2779 2518 2901 2563 vos
2943 2519 3028 2564 ex
3077 2505 3265 2583 parte

860 2596 1146 2663 ecclesioe
1188 2606 1348 2663 sunt
1391 2596 1669 2684 objecta,
1720 2606 1789 2663 et
1824 2597 1909 2662 ad
1956 2597 2266 2666 unionem
2309 2606 2380 2664 et
2423 2598 2746 2684 gremium
2783 2596 3070 2664 ecclesioe
3105 2607 3265 2684 peto

854 2719 969 2763 me
1016 2696 1275 2764 admitti
1324 2697 1409 2764 de
1449 2707 1670 2764 vestra
1714 2697 1921 2784 gratia
1971 2697 2296 2786 speciali.”
2387 2698 2515 2766 Cui
2570 2720 2609 2767 e
2661 2698 2982 2766 contrario
3023 2697 3270 2785 objecit

858 2802 1207 2888 episcopus
1224 2823 1245 2864 ε
1288 2803 1333 2839 “
1362 2799 1521 2866 Non
1548 2799 1720 2866 viam
1762 2799 1988 2886 gratiss
2021 2800 2136 2866 sed
2170 2800 2444 2887 justitiae
2472 2801 2745 2889 elegisti,
2771 2811 2852 2868 ut
2879 2802 2960 2869 de
2989 2798 3266 2888 obJectis

863 2903 1169 2971 canonice
1194 2912 1265 2968 te
1289 2924 1636 2990 purgaresz
1675 2902 2000 2989 justitiam
2037 2903 2308 2997 elegisti,
2337 2915 2406 2970 et
2422 2905 2684 2992 justitia
2709 2905 2826 2972 fiet
2849 2904 2973 2971 tibi
2993 2904 3059 2970 !’'
3135 2903 3266 2970 Cui

861 3007 969 3072 ille
1010 3005 1352 3092 respondit
1367 3029 1388 3070 ε
1430 3009 1477 3043 “
1504 3006 1612 3071 De
1650 3005 2091 3072 misericordia
2117 3015 2186 3072 et
2223 3006 2434 3094 gratia
2459 3007 2747 3075 ecclesiae
2790 3007 3079 3076 totaliter
3105 3029 3267 3074 con-

864 3107 1095 3188 fidens,
1140 3106 1648 3173 misericordiam
1692 3107 1885 3195 eligo,
1926 3117 1996 3174 et
2039 3109 2263 3196 gratiae
2307 3108 2594 3176 ecclesioe
2633 3120 2704 3176 et
2734 3119 2970 3177 vestrm
3013 3133 3120 3177 me
3163 3120 3268 3177 to·

860 3211 1075 3277 taliter
1100 3209 1507 3277 committo?
1598 3209 1726 3275 cui
1768 3210 2151 3299 episcopus=
2197 3215 2242 3251 “
2271 3212 2510 3278 Sancta
2551 3223 2760 3279 mater
2788 3213 3058 3280 ecclesia
3099 3214 3266 3281 nulli

862 3310 1105 3378 claudit
1145 3311 1464 3399 gremium
1521 3310 1868 3399 poenitenti
1885 3335 1907 3377 ι
1964 3323 2410 3380 verumtamen
2453 3336 2537 3381 ex
2593 3336 2727 3402 quo
2763 3314 2939 3381 viam
2987 3314 3266 3402 justitio

866 3414 1169 3481 deserens
1208 3414 1483 3500 gratiam
1511 3412 1783 3501 elegisti,
1822 3414 1905 3481 dc
1946 3414 2216 3482 consilio
2245 3416 2514 3504 capituli
2549 3426 2620 3484 et
2657 3415 2812 3484 cleri
2853 3404 3066 3484 nostri
3107 3417 3270 3485 deli-

863 3515 1087 3583 berare
1112 3516 1439 3599 volumus,
1469 3516 1527 3582 si
1553 3516 1844 3604 pensatis
1870 3517 2385 3603 praecedentibus
2415 3528 2482 3586 te
2511 3520 2594 3586 ad
2619 3518 2894 3607 gratiam
2924 3520 3268 3589 admittere

864 3618 1281 3685 debeamus.’'
1408 3634 1413 3641 ’
3247 3630 3256 3638 ”

864 3770 879 3781 ..
952 3720 1330 3789 convocato
1371 3720 1570 3808 igitur
1598 3720 1821 3787 statim
1864 3720 2108 3789 decano
2137 3732 2206 3789 et
2231 3722 2539 3809 capitulo,
2567 3745 2644 3791 ac
2670 3724 2869 3791 etiam
2913 3724 3269 3812 majoribus

860 3822 1015 3889 cleri
1042 3822 1146 3887 sui
1174 3821 1496 3909 exemptis
1525 3831 1595 3887 et
1619 3843 1757 3887 non
1786 3823 2129 3911 exemptis,
2157 3824 2500 3891 consilium
2539 3826 2778 3913 petivit
2801 3825 2886 3892 ab
2914 3825 3164 3894 eisdem
3207 3828 3268 3896 si

861 3926 946 3989 ad
981 3923 1252 4011 'gratiam
1294 3923 1581 3991 ecclesio
1625 3924 1883 3991 admitti
1928 3936 2156 4012 posset
2197 3936 2264 3993 et
2290 3926 2576 3995 deberet.
2667 3927 2926 3997 Quibus
2955 3928 3267 3996 omnibus

860 4025 1139 4093 finaliter
1186 4026 1735 4094 concordantibus
1792 4029 1969 4116 quod
2023 4028 2142 4111 sie,
2198 4028 2546 4118 episcopus
2603 4031 2675 4098 in
2731 4031 2994 4120 publico
3045 4056 3266 4101 coram

860 4128 1165 4196 omnibus
1212 4129 1432 4217 ipsum
1478 4130 1552 4195 in
1598 4153 1797 4197 causa
1835 4130 1990 4197 fidei
2029 4132 2450 4200 vehementer
2489 4144 2870 4221 suspectum
2917 4145 3111 4223 atque
3141 4138 3267 4203 dif-

859 4232 1171 4298 famatum
1218 4230 1291 4297 in
1336 4231 1724 4319 purgatione
1752 4232 2063 4300 canonica
2105 4256 2302 4321 super
2340 4234 2471 4302 hiis
2515 4235 2643 4303 sibi
2687 4236 2934 4304 indicta
2973 4260 3268 4325 pronun·

858 4332 1054 4399 ciavit
1078 4332 1415 4415 defecisse,
1442 4342 1511 4399 et
1537 4332 1962 4401 nihilominus
1991 4334 2272 4401 eundem
2311 4337 2740 4423 poenitentem
2770 4339 2853 4404 ad
2891 4340 3168 4427 gratiam
3197 4338 3267 4410 et

859 4434 1178 4501 unitatem
1206 4434 1496 4502 ecclesioe
1526 4436 1811 4517 admisit,
1840 4445 2162 4523 quatenus
2187 4439 2499 4507 canonica
2527 4440 2916 4509 dictaverint
2939 4442 3266 4512 instituta.

860 4536 955 4603 Et
995 4558 1193 4624 super
1239 4536 1447 4625 gratia
1494 4536 1791 4603 facienda
1834 4560 1911 4605 ac
1957 4538 2152 4605 etiam
2197 4541 2396 4607 modo
2451 4552 2520 4608 et
2559 4544 2922 4629 quantitate
2972 4546 3266 4630 ejusdem

859 4638 985 4705 sibi
1010 4637 1353 4706 videbatur
1378 4639 1588 4727 magis
1628 4640 2158 4724 deliberandum3
2201 4652 2271 4709 et
2299 4644 2386 4711 ad
2406 4644 2538 4712 ⁴hoc
2564 4645 2741 4714 diem
2786 4650 3016 4718 statuit
3042 4652 3270 4734 alium,

850 4751 931 4808 ut
978 4740 1240 4809 interim
1280 4765 1481 4831 super
1504 4744 1634 4811 hoc
1661 4767 1813 4811 cum
1841 4745 2014 4811 clero
2043 4767 2164 4811 suo
2190 4746 2447 4834 plenius
2476 4747 2880 4833 deliberaret,
2908 4753 3266 4823 decernens

841 4843 1069 4937 *ipsum
1129 4867 1169 4910 a
1214 4845 1643 4935 compedibus
1692 4848 1915 4915 ferreis
1961 4847 2336 4917 absolutum
2377 4849 2449 4917 in
2500 4874 2752 4921 carcere
2793 4856 3082 4937 ecclesias
3127 4860 3268 4927 fore

856 4947 1379 5032 custodiendum,
1427 4950 1637 5019 donec
1678 4944 2015 5038 negotium
2061 4950 2214 5018 fidei
2265 4954 2434 5020 foret
2467 4955 2910 5025 terminatum.
3001 4958 3270 5029 Convo-
