3867 6400
601 1352 646 1411 6
939 1363 1454 1412 Ptoou-‚snmus
1484 1365 1808 1414 *cumr
1837 1367 2052 1414 ωιτη
2084 1366 2310 1414 Amen
2342 1363 2697 1414 trram-‚1

603 1513 809 1587 nostis
835 1516 1196 1604 potentiam
1224 1515 1472 1584 domini
1497 1515 1628 1584 mei
1645 1516 1943 1599 Arnaldi,
1966 1517 2155 1605 cujus
2184 1515 2531 1606 preceptis
2556 1515 2855 1583 resistcre
2872 1533 3013 1580 non

597 1641 742 1684 sum
797 1619 1062 1684 ausus?
1158 1616 1285 1684 Cui
1341 1617 1725 1707 episcopusz
1790 1623 1834 1658 ‘⁸
1868 1618 2081 1706 Igitur
2128 1619 2337 1686 facere
2391 1629 2607 1707 potes,
2664 1615 2783 1698 fili,
2832 1616 3010 1703 quod

597 1719 984 1806 imperatum
1005 1727 1112 1784 est
1131 1717 1274 1800 tibi,
1295 1727 1364 1786 et
1385 1741 1507 1785 nos
1535 1743 1658 1808 pro
1677 1719 1951 1786 eeclesia
1971 1719 2101 1786 Dei
2128 1719 2335 1806 parati
2358 1719 2599 1785 erimus
2624 1716 3011 1786 sustinere-'3

597 1818 721 1886 cui
771 1820 1098 1887 serviensz
1151 1825 1197 1860 “
1225 1821 1472 1888 Eamus
1509 1843 1662 1908 ergo
1691 1821 1776 1886 ad
1818 1819 2207 1888 carcerem.”
2294 1818 2423 1886 cui
2466 1819 2807 1906 respondit
2832 1819 3007 1906 epis-e

593 1943 836 2011 copusz
879 1927 928 1961 ‘⁶
955 1923 1138 2006 Non,
1165 1923 1282 2004 fili,
1311 1925 1428 1990 sed
1463 1924 1612 2012 plus
1657 1923 2007 2012 requiritur
2028 1949 2047 1988 ε
2092 1945 2247 1988 nam
2288 1943 2427 1989 non
2468 1931 2849 2010 reputamus
2884 1942 3008 1988 nos

591 2034 816 2111 captos
867 2022 998 2090 nisi
1043 2046 1244 2090 manu
1293 2047 1416 2091 nos
1459 2033 1709 2112 tangas,
1735 2025 1844 2091 vel
1871 2025 2131 2091 frenum
2172 2023 2325 2112 equi
2368 2023 2601 2105 nostri,
2627 2023 2735 2090 vel
2776 2021 3007 2088 saltem

591 2125 787 2194 officii
837 2125 936 2192 tui
963 2125 1210 2213 virga?
1297 2125 1424 2192 cni
1471 2126 1796 2193 serviensz
1863 2129 1910 2166 “
1944 2125 2093 2192 Hoc
2134 2147 2256 2212 ego
2297 2147 2419 2213 pro
2463 2124 2773 2192 omnibus
2816 2123 3011 2190 bonis

595 2227 844 2295 ‹lomini
893 2228 1024 2296 mei
1073 2250 1209 2295 non
1259 2229 1534 2296 facerem
1581 2238 1658 2295 ut
1693 2227 1955 2296 mittam
2006 2228 2075 2294 in
2122 2227 2503 2315 episcopum
2546 2237 2617 2294 et
2666 2226 3007 2293 dominum

586 2353 808 2398 meum
853 2331 1192 2396 manum-’⁹
1289 2329 1418 2398 cui
1477 2331 1826 2418 episcopus
1844 2357 1864 2397 z
1917 2335 1962 2368 ‘⁴
1991 2331 2098 2397 De
2143 2329 2272 2396 alio
2320 2329 2519 2396 modo
2562 2328 2863 2418 capiendi
2904 2329 3013 2398 vel

585 2432 980 2500 attaebiandi
1030 2455 1424 2521 quemquam
1469 2432 1539 2498 in
1590 2432 1886 2500 dominio
1933 2433 2102 2520 regis
2130 2431 2385 2520 Angliae
2422 2432 2721 2498 nondum
2763 2431 3016 2500 audivi·

581 2559 774 2618 mus3
817 2545 887 2601 et
913 2535 1080 2601 forte
1111 2534 1268 2600 alias
1299 2534 1606 2601 dominus
1655 2543 1812 2599 tuus
1857 2535 1930 2600 in
1969 2536 2455 2602 excusationem
2503 2533 2605 2600 sui
2648 2533 2846 2601 nobis
2885 2533 3013 2600 imss
3066 2562 3076 2570 ·

585 2645 864 2726 poneret
882 2635 1057 2723 quod
1085 2657 1222 2701 non
1244 2635 1418 2722 capti
1447 2657 1656 2723 neque
1677 2635 1888 2702 coacti
1912 2635 2031 2702 sed
2059 2645 2295 2722 sponte
2322 2635 2496 2701 imus
2518 2635 2603 2702 ad
2624 2635 3014 2703 carcerem-’⁹

589 2739 717 2806 Cui
757 2737 1080 2804 serviens:
1127 2741 1172 2776 ‘⁸
1201 2735 1551 2819 Domine,”
1579 2735 1816 2824 inquit,
1859 2741 1905 2775 ‘⁶
1933 2759 2071 2803 non
2101 2737 2291 2804 decet
2314 2736 2699 2824 episcopum
2725 2735 2870 2824 rapi
2894 2757 3016 2824 per

587 2841 772 2907 illum
823 2839 1096 2905 modum
1145 2860 1264 2926 per
1301 2861 1498 2926 quem
1544 2839 1896 2928 capiuntur
1935 2839 2323 2928 populares3
2391 2838 2507 2906 sed
2559 2847 2772 2907 totam
2815 2839 3007 2908 vobis

589 2944 886 3030 detegam
942 2943 1310 3023 veritatem,
1367 2963 1408 3007 a
1465 2940 1734 3009 domino
1791 2963 1945 3009 meo
1995 2943 2255 3028 juratus
2317 2941 2610 3009 districts
2666 2941 2885 3032 recepi
2940 2943 3011 3010 in
3144 3027 3157 3038 ·

587 3045 910 3111 mandatis
937 3045 1116 3133 quod
1159 3044 1288 3110 nisi
1314 3043 1694 3130 hujusmodi
1724 3042 2017 3131 captioni
2044 3065 2269 3130 parere
2300 3043 2539 3126 velitis,
2567 3066 2769 3132 supra
2794 3066 2915 3112 vos
2944 3056 3014 3113 et

580 3158 837 3215 vestros
893 3147 1243 3215 clamorem
1297 3146 1660 3213 levabimus
1718 3157 1785 3214 et
1846 3146 2205 3229 hutesiu‘m,
2256 3169 2409 3214 cum
2466 3147 2777 3215 cornibus
2836 3147 3014 3216 tubi·

581 3249 883 3330 cinando,
937 3271 1014 3316 ac
1059 3248 1260 3315 etiam
1315 3258 1544 3316 contra
1593 3270 1716 3315 vos
1769 3249 2051 3336 patriam
2107 3258 2179 3316 et
2237 3248 2557 3335 populum
2615 3250 3009 3321 concitando

585 3352 948 3419 secundum
975 3374 1229 3418 morem
1259 3350 1509 3439 patrioe,
1537 3360 1616 3417 ut
1641 3350 1759 3417 fiat
1786 3351 1870 3417 de
1899 3372 2183 3439 persona
2208 3361 2427 3417 vestra
2454 3373 2534 3418 ac
2562 3352 2799 3419 vestris
2828 3361 2900 3421 et
2925 3353 3010 3422 de

583 3453 780 3520 bonis
798 3453 1034 3521 vestris
1065 3453 1370 3520 omnibus
1393 3452 1570 3540 quod
1589 3452 1732 3519 fieri
1761 3453 1933 3520 solet
1952 3453 2036 3521 de
2054 3453 2381 3520 felonibus
2408 3452 2661 3521 domini
2688 3456 3014 3543 regis?—

587 3556 672 3623 ad
728 3556 905 3644 quod
955 3554 1344 3642 faciendum·
1383 3554 1636 3623 loricati
1687 3556 1800 3643 qui
1845 3578 1999 3622 cum
2058 3555 2379 3621 serviente
2429 3565 2618 3622 erant
2672 3568 2745 3625 et
2792 3558 3011 3627 coeteri

583 3659 838 3747 pedites
887 3680 1132 3725 cornua
1173 3658 1260 3723 ad
1302 3657 1432 3749 boe
1479 3667 1705 3745 parata
1746 3657 2123 3725 habuerunt
2166 3656 2334 3725 circa
2376 3658 2563 3726 colla.
2648 3660 2746 3725 Et
2786 3660 3011 3727 statim

587 3760 873 3829 serviens
903 3760 1274 3827 antedictus
1301 3782 1540 3849 equum
1569 3784 1766 3849 quem
1796 3760 2133 3848 equitabat
2172 3783 2471 3849 pungens
2512 3762 2894 3845 calcaribus,
2938 3786 3011 3831 se

583 3862 808 3951 posuit
832 3884 918 3929 ex
963 3871 1336 3929 transverso
1365 3862 1516 3951 equi
1567 3862 1674 3931 cui
1722 3862 2072 3951 episcopus
2114 3861 2462 3945 insidebat,
2504 3863 2821 3952 adjiciens
2865 3865 3011 3934 haee

585 3963 818 4031 nerbas
883 3968 930 4003 “
957 3962 1247 4031 Domine
1289 3964 1619 4053 episcope,
1663 3964 1878 4032 adbuc
1921 3986 2005 4031 ex
2051 3974 2235 4053 parte
2284 3964 2535 4031 domini
2578 3966 2712 4032 mei
2754 3966 3011 4035 domini

587 4065 860 4132 Amaldi
890 4063 1012 4131 tibi
1041 4064 1318 4132 dicimus
1357 4075 1428 4133 et
1455 4067 1865 4148 mandamus,
1893 4087 1981 4131 ne
2006 4066 2277 4133 ulterius
2322 4066 2758 4156 progrediaris
2802 4068 2873 4135 in
2901 4068 3012 4137 via

587 4166 734 4248 ista,
761 4166 880 4233 sed
921 4166 1150 4247 statim
1175 4168 1402 4234 redeas
1431 4178 1500 4235 et
1525 4168 1727 4235 vadas
1755 4166 2104 4261 nobiscum
2132 4191 2281 4235 cnm
2312 4169 2620 4237 omnibus
2652 4172 2849 4239 bonis
2878 4172 3012 4239 tui·

590 4275 658 4333 et
676 4266 922 4334 catallis
943 4266 1030 4331 ad
1047 4290 1368 4335 carcerem
1391 4268 1586 4336 castri
1610 4268 1987 4337 Kilkenniae
2010 4272 2150 4350 sine
2172 4272 2419 4339 mora.'’
2487 4271 2617 4340 Cui
2638 4273 3011 4363 episcopus,

591 4370 844 4435 frenum
875 4368 1026 4456 equi
1067 4369 1288 4435 statim
1331 4372 1690 4454 retrahens,
1716 4377 1765 4411 ‘⁶
1793 4372 1988 4453 Fili,'’
2016 4372 2252 4460 inquit,
2281 4377 2327 4412 “
2355 4373 2476 4441 tibi
2504 4397 2642 4442 non
2672 4376 3013 4464 displiceat

525 4510 532 4517 ·
591 4470 646 4536 si
695 4468 1166 4557 aliquantulum
1214 4470 1708 4538 deliberemus?
1795 4473 1894 4538 Et
1944 4496 2310 4541 convocans
2359 4498 2590 4543 omnes
2638 4477 3011 4564 capellanos

591 4570 966 4637 domicellos
1017 4593 1199 4651 ωσι,
1246 4580 1316 4638 et
1357 4571 1519 4638 alios
1569 4572 1653 4640 de
1703 4572 1914 4661 patria
1965 4574 2078 4661 qui
2129 4597 2351 4643 secum
2403 4588 2588 4644 erant
2644 4578 2718 4645 in
2774 4601 3011 4667 magna

591 4672 918 4753 comitiva,
945 4670 1251 4759 quoesivit
1283 4672 1368 4739 ab
1396 4672 1492 4739 eis
1531 4674 1590 4740 si
1635 4676 2003 4741 secundum
2046 4699 2296 4744 morem
2346 4678 2575 4766 patriae
2620 4678 2837 4768 captio
2882 4680 3012 4773 ista

591 4772 917 4840 sufficiens
959 4772 1311 4841 videretur.
1401 4774 1662 4842 Quibus
1713 4776 2023 4843 omnibus
2066 4778 2613 4866 respondentibus
2663 4780 2841 4869 quod
2866 4782 3012 4864 sic,

587 4874 919 4962 adquievit
958 4897 1186 4961 eorum
1231 4874 1546 4963 consilio„
1568 4887 1640 4944 et
1685 4876 1982 4967 cogitans
2036 4901 2241 4968 penes
2290 4903 2365 4949 se
2418 4882 2637 4971 ipsum
2696 4905 2785 4951 ne
2828 4884 3011 4951 istud
