3867 6400
856 1439 941 1500 82
1188 1449 1697 1499 raocssmnos
1730 1447 2300 1494 aearum-mura
2333 1448 2559 1495 Amos
2592 1446 2934 1494 xrrsuaa

808 1635 815 1642 ·
850 1604 1170 1691 prehensa
1196 1600 1375 1689 quod
1416 1609 1595 1668 esset
1636 1598 1946 1667 hoeretica
1975 1597 2241 1686 publice
2269 1619 2490 1664 coram
2534 1608 2674 1665 toto
2703 1597 2873 1664 clero
2901 1605 2970 1664 et
3007 1594 3255 1684 populo

852 1706 1171 1772 fatebatur
1200 1726 1292 1785 se,
1314 1705 1397 1770 ad
1424 1701 1954 1770 informationem
1984 1701 2180 1768 dictoe
2208 1700 2492 1766 dominoe
2514 1700 2758 1781 Aliciae,
2780 1700 2974 1766 fidem
3005 1697 3254 1765 Christi

850 1816 919 1873 et
944 1807 1230 1873 eoclesioe
1258 1805 1547 1873 totaliter
1574 1804 1955 1892 abnegasse,
2001 1813 2072 1870 et
2099 1803 2310 1869 tribus
2337 1801 2592 1868 vicibus
2624 1824 2706 1868 ex
2749 1811 2931 1890 parte
2960 1801 3254 1888 ejusdem

850 1908 1257 1975 daemonibus
1304 1907 1723 1988 sacrificasse,
1764 1927 2044 1994 quarum
2089 1904 2380 1992 qualibet
2405 1905 2548 1972 vice
2589 1915 2720 1970 tres
2765 1903 3007 1993 optulit
3047 1903 3254 1990 gallos

849 2010 917 2076 in
947 2009 1321 2099 quadruviis
1351 2021 1535 2077 extra
1560 2009 1890 2076 civitatem
1919 2007 2180 2074 cuidam
2210 2005 2492 2073 doemoni
2522 2006 2632 2094 qui
2661 2007 3018 2073 Robertum
3045 2005 3253 2071 filium

807 2173 815 2180 .
847 2113 1031 2180 Artis
1072 2136 1145 2180 se
1188 2113 1346 2180 facit
1388 2111 1723 2200 appellari,
1768 2133 1853 2178 ex
1896 2109 2393 2198 pauperioribus
2438 2107 2694 2190 inferni,
2737 2109 3116 2196 sanguinem
3159 2107 3252 2174 ef·

848 2215 1181 2282 fundendo
1224 2225 1295 2282 et
1337 2215 1687 2281 dividendo
1742 2211 2180 2292 membratim,
2228 2211 2312 2278 de
2362 2232 2638 2298 quorum
2693 2209 3043 2291 intestinis,
3099 2232 3254 2277 cum

848 2318 1097 2384 araneis
1154 2326 1224 2384 et
1278 2317 1419 2384 aliis
1475 2315 1809 2384 vermibus
1866 2313 2070 2401 nigris
2127 2312 2214 2379 ad
2281 2312 2552 2380 modum
2609 2311 3046 2400 scorpionum,
3101 2335 3256 2378 cum

849 2419 1123 2507 quadam
1167 2417 1370 2486 herba
1396 2440 1541 2506 quoe
1572 2417 1809 2484 dicitur
1839 2417 2271 2497 millefolium,
2301 2426 2370 2484 et
2395 2416 2540 2482 aliis
2579 2416 2796 2483 herbis
2826 2425 2896 2482 et
2922 2415 3254 2482 vermibus

848 2519 1361 2604 detestabilibus,
1398 2543 1533 2587 una
1570 2544 1722 2588 cum
1772 2518 2041 2587 cerebro
2085 2529 2156 2586 et
2191 2518 2428 2606 pannis
2471 2519 2655 2607 pueri
2693 2517 3062 2586 decedentis
3113 2518 3256 2585 sine

811 2621 1195 2711 'baptismo,
1252 2624 1324 2690 in
1380 2632 1555 2690 testa
1584 2622 1845 2711 ,capitis
1908 2621 2252 2708 cujusdam
2323 2621 2596 2687 latronis
2651 2621 2968 2704 decollati,
3012 2622 3098 2687 ad
3152 2621 3256 2686 in·

729 2762 739 2774 ·
846 2724 1301 2794 formationem
1349 2726 1543 2793 dictae
1570 2725 1821 2808 Aliciee,
1866 2724 2112 2790 multas
2161 2723 2319 2790 fecit
2359 2723 2817 2806 confectiones,
2866 2725 3141 2813 pixides,
3185 2735 3256 2793 et

846 2828 1169 2914 pulveres,
1196 2826 1281 2893 ad
1324 2826 1739 2914 affligendum
1784 2847 2059 2913 corpora
2085 2825 2378 2892 fidelium
2423 2834 2493 2892 et
2533 2847 2782 2892 amores
2824 2836 2895 2893 et
2919 2827 3070 2894 odia
3096 2849 3258 2894 con·

848 2929 1201 3012 citandum,
1258 2939 1329 2996 et
1382 2940 1462 2995 ut
1517 2927 1715 2994 facies
1776 2926 2180 3015 quarundam
2255 2917 2601 2992 mulierum
2657 2949 2804 2993 cum
2863 2929 3252 3016 quibusdam

846 3030 1395 3098 incantationibus
1422 3031 1692 3118 adjectis
1731 3031 2122 3118 apparerent
2147 3039 2443 3096 cornutoe
2469 3028 2643 3116 apud
2686 3038 2892 3096 certas
2940 3051 3254 3117 personas
3289 3035 3302 3046 '

846 3133 1030 3200 velut
1054 3155 1289 3223 caprae.
1377 3132 1734 3200 Fatebatur
1760 3132 1959 3198 etiam
2007 3130 2258 3220 pluries·
2305 3152 2376 3198 se
2405 3129 2490 3196 ad
2533 3130 3034 3198 stimulationem
3077 3135 3254 3223 ejus-

848 3236 997 3303 dem
1026 3235 1276 3318 Aliciae,
1304 3245 1375 3302 et
1400 3235 1748 3322 aliquando
1776 3233 1848 3299 in
1896 3256 2018 3299 sua
2059 3232 2430 3319 proesentia,
2459 3233 2784 3301 daemones
2829 3235 3256 3315 consuluisse,

846 3346 915 3403 et
954 3336 1273 3424 recepisse
1318 3358 1655 3424 responsa,
1698 3345 1771 3401 et
1796 3356 1878 3403 ex
1922 3345 2122 3422 pacto
2151 3335 2538 3402 convenisse
2580 3357 2730 3402 cum
2771 3337 2998 3403 eadem
3043 3348 3122 3404 ut
3167 3339 3258 3405 sit

844 3439 1189 3507 mediatrix
1240 3438 1412 3506 inter
1455 3438 1667 3525 ipsam
1725 3449 1797 3505 et
1838 3436 2090 3503 dictum
2146 3436 2514 3503 doemonem
2564 3437 2925 3505 Robertum
2973 3440 3255 3508 amicum
3357 3436 3384 3519 J

846 3542 1010 3630 ejus.
1097 3539 1449 3608 Fatebatur
1468 3540 1665 3623 etiam
1692 3538 1954 3626 publice
1974 3539 2154 3626 quod
2182 3539 2390 3635 oculis
2416 3540 2554 3606 suis
2576 3541 2738 3608 vidit
2763 3541 2878 3608 ubi
2904 3543 3255 3631 praedictus

847 3644 1107 3722 doemon
1152 3642 1406 3725 tertius,
1442 3642 1515 3708 in
1567 3641 1783 3729 specie
1822 3640 2024 3707 trium
2063 3641 2423 3729 oethiopum
2469 3652 2602 3708 tres
2629 3643 2838 3730 virgas
2887 3645 3126 3711 ferreas
3181 3646 3253 3715 in

844 3746 1145 3812 manibus
1168 3745 1591 3833 portantium,
1613 3744 1825 3811 eidem
1844 3743 2129 3811 dominoe
2147 3745 2231 3810 de
2249 3742 2355 3811 die
2370 3744 2687 3833 apparuit,
2703 3755 2790 3828 et,
2807 3746 2950 3834 ipsa
2967 3747 3256 3831 vidente,

846 3870 991 3915 eam
1019 3846 1357 3914 carnaliter
1385 3846 1714 3933 cognovit,
1742 3856 1815 3912 et
1845 3856 2004 3933 post
2031 3855 2293 3913 tantum
2336 3847 2548 3914 scelus
2583 3846 2796 3915 locum
2827 3850 3252 3937 turpitudinis

848 3972 999 4017 cum
1054 3948 1407 4016 kanevacio
1454 3948 1611 4015 lecti
1668 3947 1773 4014 sui
1836 3969 2041 4012 manu
2097 3947 2362 4035 propria
2417 3946 2626 4015 tersit.
2711 3950 3024 4039 Dixitque
3080 3953 3255 4021 inter

847 4059 1079 4117 ooetera
1098 4051 1274 4137 quod
1301 4050 1450 4139 ipsa
1473 4073 1625 4117 cum
1652 4050 1828 4117 dicta
1850 4050 2118 4117 domina
2148 4050 2540 4118 sententiam
2568 4054 3252 4123 excommunicationis

846 4154 1214 4239 frequenter
1259 4152 1497 4219 tulerat
1550 4152 1622 4220 in
1677 4152 1990 4221 maritum
2039 4154 2403 4242 proprium,
2448 4177 2599 4222 cum
2643 4157 2928 4225 candelis
2974 4158 3058 4226 de
3105 4182 3253 4227 cera
3321 4246 3328 4255 ι

846 4252 1131 4341 accensis
1174 4263 1243 4320 et
1270 4254 1687 4342 sputionibus
1715 4254 1933 4336 variis,
1977 4264 2179 4343 prout
2215 4278 2444 4322 eorum
2484 4258 2648 4324 ritus
2687 4258 3074 4347 requirebat.
3161 4262 3256 4329 Et

846 4354 1003 4421 licet
1055 4355 1123 4420 in
1170 4364 1308 4421 arte
1356 4378 1579 4423 earum
1633 4357 1981 4423 maledicta
2026 4356 2318 4425 solennis
2365 4370 2541 4426 esset
2595 4361 2920 4449 magistra,
2970 4363 3138 4429 dixit
3181 4386 3254 4431 se

850 4465 1071 4522 tamen
1113 4456 1277 4521 nihil
1305 4478 1450 4523 esse
1475 4457 1548 4522 in
1575 4458 2062 4545 comparatione
2090 4458 2174 4524 ad
2202 4458 2536 4526 dominam
2579 4482 2784 4540 suam,
2813 4482 2852 4525 a
2878 4482 3006 4546 qua
3034 4460 3254 4528 omnia

848 4558 975 4624 ista
1021 4558 1333 4625 didicerat
1380 4567 1450 4625 et
1498 4558 1704 4624 multa
1755 4559 1900 4640 alia,
1947 4558 2107 4645 quin
2157 4560 2381 4647 potius
2437 4560 2508 4626 in
2559 4571 2700 4628 toto
2749 4561 3038 4629 dominio
3083 4564 3252 4651 regis

848 4661 1105 4749 Anglioe
1132 4682 1267 4727 non
1286 4672 1463 4729 esset
1489 4660 1633 4748 ipsa
1659 4660 1950 4747 peritior,
1981 4660 2200 4727 necin
2229 4672 2366 4727 arte
2393 4661 2606 4728 suain
2636 4663 2881 4730 mundo
2909 4664 3254 4753 reputabat

852 4761 978 4828 sibi
1024 4783 1267 4849 parem.
1356 4760 1525 4828 Hoec
1568 4783 1722 4828 cum
1781 4760 1906 4828 sibi
1955 4772 2135 4829 esset
2167 4762 2459 4829 oblatum
2517 4776 2986 4833 sacramentum
3041 4768 3254 4857 poeni-

852 4865 1095 4946 tentia,
1140 4862 1520 4952 simpliciter
1546 4886 1765 4931 coram
1807 4874 1953 4933 toto
1984 4866 2248 4954 populo
2287 4865 2627 4947 recusavit,
2671 4866 2784 4933 sed
2829 4869 3088 4955 publice
3132 4894 3252 4937 sua

853 4965 1159 5053 detegens
1204 4966 1488 5034 facinora
1515 4966 1946 5051 detestabilia,
1976 4966 2323 5035 combusta
2351 4980 2455 5035 est
2481 4988 2695 5035 coram
2737 4967 2992 5037 infinita
3023 4972 3253 5059 populi
