3867 6400
120 5922 141 5931 α
170 5921 595 5941 *wore-”eo
618 5924 660 5933 -ω
723 5924 744 5935 Q

406 5951 415 5960 ι
583 5950 591 5957 ν
642 5948 658 5955 -

2617 832 2737 840 a--fl-

787 1463 874 1521 20
1117 1479 1624 1528 raocsamnos
1655 1482 1977 1530 adamar
2006 1483 2217 1531 naut
2248 1483 2474 1530 aaron
2508 1483 2856 1531 xva-tnta

787 1624 1133 1708 admirans,
1179 1627 1262 1692 aa
1311 1630 1704 1698 credendum
1753 1653 1825 1699 ω
1867 1633 2152 1700 reddidit
2188 1633 2539 1715 difficilem,
2586 1615 2795 1701 donee
2840 1617 3189 1718 episcopua

787 1725 1038 1794 literam
1076 1729 1416 1816 sigillatam
1445 1733 1656 1820 sigillo
1684 1745 1844 1804 noto
1871 1735 2027 1803 dicti
2058 1736 2306 1803 domini
2330 1735 2606 1802 Arnaldi
2633 1757 2851 1802 coram
2880 1729 3189 1800 omnibus

787 1827 1108 1917 episcopis
1137 1833 1530 1919 ostenderet,
1565 1836 1637 1903 in
1666 1861 1792 1926 qua
1818 1861 2119 1925 expresse
2146 1849 2285 1906 erat
2308 1847 2711 1926 proeceptum
2738 1859 2859 1924 per
2884 1834 3191 1914 eundem»

788 1937 866 1994 ut
912 1934 1352 2019 praemittitur,
1399 1961 1598 2024 super
1651 1940 1792 2027 ejus
1837 1941 2135 2027 captione
2191 1950 2261 2008 et
2313 1937 2839 2007 incarceratione.
2929 1933 3191 2004 Quibus

789 2030 1136 2121 episcopus
1165 2037 1614 2107 Ossoriensisz
1663 2047 1710 2082 ‘⁸
1732 2042 2072 2124 Factum?
2098 2040 2333 2128 inquit,
2378 2045 2425 2079 “
2450 2049 2556 2106 est
2592 2039 2663 2106 in
2706 2059 2778 2105 se
2812 2048 2951 2106 tam
2995 2047 3192 2105 noto-

789 2133 960 2202 rium
990 2149 1060 2204 et
1084 2148 1338 2226 patens,
1362 2143 1536 2228 quod
1565 2143 1892 2210 neminem
1917 2143 2079 2210 latet
2106 2142 2173 2208 in
2204 2142 2497 2224 Ossoria,
2516 2141 2721 2209 immo
2744 2163 2865 2208 nec
2893 2149 3191 2227 pastores

789 2258 912 2304 nec
955 2237 1341 2309 bubulcos.”
1422 2243 1534 2310 Ad
1588 2245 2109 2311 informationem
2164 2242 2362 2331 igitur
2398 2243 2723 2309 dictorum
2772 2241 3191 2330 proelatorum

790 2359 924 2404 una
979 2363 1130 2406 cum
1188 2343 1365 2409 dicto
1411 2344 1680 2426 decano,
1736 2367 1952 2412 coram
2009 2345 2252 2432 majore
2299 2341 2662 2430 justiciario
2710 2339 3069 2430 Hyberniae
3115 2363 3193 2408 ac

790 2439 988 2506 etiam
1017 2451 1159 2509 toto
1188 2445 1462 2513 consilio
1489 2446 1694 2533 regni,
1723 2445 2131 2534 supradictus
2158 2444 2466 2511 dominus
2494 2443 2823 2510 Arnaldus
2867 2443 2932 2509 le
2964 2443 3195 2509 Power

790 2539 1098 2628 episcopo
1149 2543 1524 2612 Ossoriensi
1573 2569 1646 2612 se
1689 2546 2077 2628 humiliavit,
2124 2545 2379 2612 veniam
2433 2555 2666 2632 petens
2712 2567 2911 2632 super
2936 2542 3193 2630 injuriis

785 2641 982 2709 illatis
1011 2641 1094 2709 ab
1122 2645 1378 2712 eodem.
1466 2647 1594 2712 Cui
1624 2647 1844 2712 statim
1872 2669 2087 2714 coram
2116 2647 2427 2712 omnibus
2454 2645 2795 2733 respondit
2823 2645 3197 2733 episcopus,

793 2744 971 2830 quod
1016 2743 1294 2812 libenter
1322 2747 1536 2814 eidem
1579 2771 1840 2816 omnem
1885 2749 2247 2817 remitteret
2276 2759 2597 2837 quantum
2645 2748 2717 2814 in
2758 2747 2907 2835 ipso
2951 2756 3055 2813 est
3090 2746 3195 2813 in-

783 2844 1024 2932 juriam
1074 2849 1505 2934 personalem,
1554 2851 1752 2918 etiam
1797 2851 1854 2918 si
1901 2853 1973 2918 in
2014 2837 2301 2939 'decuplo
2344 2852 2555 2938 major
2583 2859 2780 2933 esset,
2809 2850 3193 2917 dumtamen

785 2946 1106 3016 hoereticis
1163 2962 1233 3018 et
1277 2974 1503 3019 eorum
1559 2953 1918 3020 fautoribus
1968 2963 2037 3020 et
2084 2951 2595 3040 receptatoribus
2646 2952 2715 3017 in
2774 2974 2896 3017 sua
2944 2951 3196 3019 diocesi

788 3050 1232 3120 defensionem
1289 3077 1424 3121 non
1472 3065 1810 3141 proestaret
1853 3055 1961 3122 vel
1996 3055 2330 3142 juvamen,
2375 3054 2494 3120 sed
2542 3051 2743 3120 libere
2782 3052 3195 3140 permitteret

789 3152 1070 3220 eundem
1121 3155 1421 3223 inimicos
1481 3156 1728 3223 Christi
1771 3156 2077 3245 prosequi
2133 3165 2202 3222 et
2250 3166 2477 3222 contra
2526 3154 2793 3222 eosdem
2842 3155 3195 3243 procedere

788 3255 1147 3321 secundum
1175 3257 1516 3323 canonicas
1547 3258 1936 3323 sanctiones.
2028 3256 2225 3325 Quod
2252 3279 2373 3344 pro
2396 3278 2477 3323 eo
2498 3255 2779 3323 fideliter
2806 3278 3197 3345 manucepc-

785 3366 942 3421 runt
989 3356 1278 3445 episcopi
1329 3380 1480 3425 cum
1515 3358 1758 3425 vicario
1802 3357 2051 3424 domini
2096 3357 2564 3446 archiepiscopi
2614 3358 3015 3443 supradicto.
3102 3360 3199 3427 Et

787 3456 880 3523 sic
907 3458 1182 3525 osculati
1210 3469 1366 3525 sunt
1381 3470 1612 3525 mutuo
1633 3482 1848 3527 eoram
1875 3459 2163 3548 praelatis
2184 3470 2253 3527 et
2270 3460 2579 3527 omnibus
2603 3459 2685 3526 de
2706 3460 2981 3527 consilio
3003 3460 3197 3548 regis,

786 3559 958 3625 facta
983 3582 1142 3647 pace
1169 3559 1342 3626 inter
1366 3559 1588 3648 ipsos3
1631 3559 2015 3627 beneficium
2060 3572 2277 3628 tamen
2308 3554 2740 3628 absolutionis
2785 3584 2923 3627 non
2964 3560 3199 3628 habuit

789 3682 908 3727 nec
957 3662 1210 3749 petivit,
1255 3662 1467 3729 sciens
1516 3662 1805 3751 episcopi
1848 3674 2241 3749 potestatem
2284 3661 2368 3727 ad
2408 3662 2537 3729 hoc
2566 3663 2917 3730 extendere
2948 3684 3018 3729 sc
3059 3686 3197 3730 non

787 3785 1004 3851 posse,
1048 3762 1218 3828 sicut
1259 3783 1379 3849 per
1420 3762 1828 3849 supradictos
1878 3762 2219 3849 episcopos
2258 3770 2327 3827 et
2354 3760 2668 3827 vicarium
2711 3759 2963 3826 domini
2990 3760 3199 3827 archi-

786 3864 1075 3951 episcopi
1103 3862 1544 3949 supradictum
1577 3862 1703 3929 sibi
1729 3862 2029 3929 extiterat
2054 3861 2452 3929 intimatum.

873 3965 1169 4032 Porrexit
1214 3964 1410 4051 igitur
1451 3964 1796 4052 episcopus
1850 3964 2071 4030 literas
2124 3974 2425 4050 patentes
2486 3962 2697 4050 sigillo
2741 3986 2865 4031 suo
2910 3964 3196 4052 signatas

787 4066 1280 4156 supplicatorias
1327 4067 1600 4154 praefato
1645 4064 2021 4132 cancellario
2070 4065 2322 4132 domini
2376 4065 2571 4153 regis,
2620 4075 2701 4132 ut
2748 4067 3196 4154 supradictam

790 4169 1066 4235 Aliciam
1097 4168 1372 4257 Kyteler
1399 4168 2025 4235 excommunicatam
2052 4189 2169 4255 per
2196 4166 2621 4255 quadraginta
2648 4166 2787 4233 dies
2817 4180 2888 4235 et
2913 4168 3195 4257 amplius

787 4270 857 4335 in
887 4292 1081 4335 causa
1103 4269 1372 4336 hoeresis
1414 4292 1536 4356 pro
1566 4270 1702 4335 suis
1729 4269 2150 4336 contumaciis
2190 4268 2433 4356 pariter
2459 4278 2529 4335 et
2555 4268 2825 4335 offensis
2852 4290 2973 4357 per
2996 4268 3197 4338 breve

789 4370 1037 4457 regium
1081 4371 1224 4457 capi
1269 4370 1625 4452 mandaret,
1645 4380 1715 4437 et
1764 4371 2119 4437 secundum
2168 4372 2445 4438 formam
2496 4392 2828 4437 sacrorum
2870 4392 3197 4437 canonum

791 4468 1026 4537 carceri
1072 4469 1448 4557 mancipari,
1497 4471 1778 4537 maxime
1820 4471 1973 4558 quia
2011 4471 2081 4536 in
2132 4471 2395 4538 civitate
2423 4471 2760 4539 Dubliniae
2788 4483 2861 4537 et
2899 4469 3199 4558 partibus

787 4571 1266 4638 circumvicinis
1321 4570 1582 4659 publice
1637 4569 2160 4637 conversabatur.
2251 4572 2534 4659 Rogavit
2590 4572 2789 4637 etiam
2846 4570 3195 4660 episcopus

783 4671 1222 4741 ‘venerabilem
1291 4672 1505 4738 virum
1577 4672 1957 4759 magistrum
2018 4671 2444 4754 Willelmum,
2518 4673 2838 4739 decanum
2901 4674 3191 4743 'ecclesie

787 4774 1170 4842 cathedralis
1206 4773 1566 4854 Dubliniae,
1598 4772 1846 4840 domini
1895 4772 2362 4861 archiepiscopi
2411 4773 2842 4842 Dublinensis
2880 4776 3193 4849 vicarium

787 4876 1172 4963 generalem,
1218 4875 1396 4963 quod
1445 4874 1587 4962 ipse
1630 4870 1724 4941 in'
1745 4875 2035 4943 favorem
2080 4874 2232 4941 fidei
2273 4874 2663 4942 Christianae
2692 4878 2923 4944 citaret
2949 4878 3193 4945 dictam

793 4975 1062 5047 Aliciam
1089 4977 1172 5044 ad
1205 4976 1734 5066 respondendum
1767 4988 1947 5045 certo
1989 4975 2095 5045 die
2122 4977 2297 5067 apud
2326 4976 2777 5065 Kylkenniam
2818 4978 2890 5045 in
2922 4979 3199 5047 Ossoria
