<?xml version="1.0" encoding="UTF-8"?>
<!DOCTYPE html PUBLIC "-//W3C//DTD XHTML 1.0 Transitional//EN"
    "http://www.w3.org/TR/xhtml1/DTD/xhtml1-transitional.dtd">
<html xmlns="http://www.w3.org/1999/xhtml" xml:lang="en" lang="en">
 <head>
  <title>
</title>
<meta http-equiv="Content-Type" content="text/html;charset=utf-8" />
  <meta name='ocr-system' content='tesseract 3.04.00' />
  <meta name='ocr-capabilities' content='ocr_page ocr_carea ocr_par ocr_line ocrx_word'/>
</head>
<body>
  <div class='ocr_page' id='page_1' title='image "./acontemporaryna00wriggoog_0091.png"; bbox 0 0 3867 6400; ppageno 0'>
   <div class='ocr_carea' id='block_1_1' title="bbox 1518 1427 3073 1508">
    <p class='ocr_par' dir='ltr' id='par_1_1' title="bbox 1518 1427 3073 1508">
     <span class='ocr_line' id='line_1_1' title="bbox 1518 1427 3073 1508; baseline 0 -22"><span class='ocrx_word' id='word_1_1' title='bbox 1518 1439 1660 1486; x_wconf 76' lang='lat' dir='ltr'><strong>ron</strong></span> <span class='ocrx_word' id='word_1_2' title='bbox 1690 1440 2053 1488; x_wconf 69' lang='lat' dir='ltr'><strong>sonetur.</strong></span> <span class='ocrx_word' id='word_1_3' title='bbox 2894 1427 2979 1486; x_wconf 77' lang='lat'><strong>35</strong></span> <span class='ocrx_word' id='word_1_4' title='bbox 3062 1501 3073 1508; x_wconf 40' lang='grc'><strong>,</strong></span> 
     </span>
    </p>
   </div>
   <div class='ocr_carea' id='block_1_2' title="bbox 541 1585 2984 5057">
    <p class='ocr_par' dir='ltr' id='par_1_2' title="bbox 541 1585 2984 5057">
     <span class='ocr_line' id='line_1_2' title="bbox 551 1585 2984 1676; baseline 0.001 -20"><span class='ocrx_word' id='word_1_5' title='bbox 551 1589 847 1658; x_wconf 89' lang='lat' dir='ltr'><strong>unanimi</strong></span> <span class='ocrx_word' id='word_1_6' title='bbox 889 1609 1218 1656; x_wconf 84' lang='lat' dir='ltr'><strong>consensu</strong></span> <span class='ocrx_word' id='word_1_7' title='bbox 1257 1585 1413 1656; x_wconf 89' lang='lat' dir='ltr'><strong>cleri</strong></span> <span class='ocrx_word' id='word_1_8' title='bbox 1455 1589 1662 1656; x_wconf 84' lang='lat' dir='ltr'><strong>nostri</strong></span> <span class='ocrx_word' id='word_1_9' title='bbox 1702 1591 2013 1658; x_wconf 72' lang='lat' dir='ltr'><strong>haeretica</strong></span> <span class='ocrx_word' id='word_1_10' title='bbox 2061 1589 2299 1656; x_wconf 81' lang='lat' dir='ltr'><strong>suisset</strong></span> <span class='ocrx_word' id='word_1_11' title='bbox 2324 1589 2756 1676; x_wconf 72' lang='lat' dir='ltr'><strong>pronunciata</strong></span> <span class='ocrx_word' id='word_1_12' title='bbox 2782 1600 2853 1658; x_wconf 90' lang='lat' dir='ltr'><strong>et</strong></span> <span class='ocrx_word' id='word_1_13' title='bbox 2880 1612 2984 1658; x_wconf 88' lang='lat' dir='ltr'><strong>re·</strong></span> 
     </span>
     <span class='ocr_line' id='line_1_3' title="bbox 554 1689 2981 1782; baseline -0 -23"><span class='ocrx_word' id='word_1_14' title='bbox 554 1695 760 1782; x_wconf 81' lang='lat' dir='ltr'><strong>lapsa,</strong></span> <span class='ocrx_word' id='word_1_15' title='bbox 779 1701 849 1760; x_wconf 89' lang='lat' dir='ltr'><strong>et</strong></span> <span class='ocrx_word' id='word_1_16' title='bbox 889 1691 1067 1758; x_wconf 87' lang='lat' dir='ltr'><strong>bona</strong></span> <span class='ocrx_word' id='word_1_17' title='bbox 1107 1689 1486 1774; x_wconf 84' lang='lat' dir='ltr'><strong>confiscata,</strong></span> <span class='ocrx_word' id='word_1_18' title='bbox 1523 1702 1594 1759; x_wconf 89' lang='lat' dir='ltr'><strong>et</strong></span> <span class='ocrx_word' id='word_1_19' title='bbox 1621 1703 1943 1778; x_wconf 88' lang='lat' dir='ltr'><strong>quantum</strong></span> <span class='ocrx_word' id='word_1_20' title='bbox 1972 1715 2057 1758; x_wconf 83' lang='lat' dir='ltr'><strong>ex</strong></span> <span class='ocrx_word' id='word_1_21' title='bbox 2096 1703 2283 1780; x_wconf 79' lang='lat' dir='ltr'><strong>parte</strong></span> <span class='ocrx_word' id='word_1_22' title='bbox 2314 1690 2603 1758; x_wconf 57' lang='lat' dir='ltr'><strong>ecclesia,</strong></span> <span class='ocrx_word' id='word_1_23' title='bbox 2640 1701 2747 1758; x_wconf 88' lang='lat' dir='ltr'><strong>est</strong></span> <span class='ocrx_word' id='word_1_24' title='bbox 2784 1691 2981 1759; x_wconf 69' lang='lat' dir='ltr'><strong>curio</strong></span> 
     </span>
     <span class='ocr_line' id='line_1_4' title="bbox 557 1792 2981 1882; baseline -0 -20"><span class='ocrx_word' id='word_1_25' title='bbox 557 1795 794 1862; x_wconf 85' lang='lat' dir='ltr'><strong>tradita</strong></span> <span class='ocrx_word' id='word_1_26' title='bbox 825 1793 1100 1861; x_wconf 83' lang='lat' dir='ltr'><strong>seculari</strong></span> <span class='ocrx_word' id='word_1_27' title='bbox 1131 1813 1256 1880; x_wconf 91' lang='lat' dir='ltr'><strong>pro</strong></span> <span class='ocrx_word' id='word_1_28' title='bbox 1285 1793 1422 1858; x_wconf 83' lang='lat' dir='ltr'><strong>suis</strong></span> <span class='ocrx_word' id='word_1_29' title='bbox 1453 1792 1786 1860; x_wconf 86' lang='lat' dir='ltr'><strong>demeritis</strong></span> <span class='ocrx_word' id='word_1_30' title='bbox 1827 1794 2187 1882; x_wconf 86' lang='lat' dir='ltr'><strong>punienda,</strong></span> <span class='ocrx_word' id='word_1_31' title='bbox 2214 1793 2344 1860; x_wconf 90' lang='lat' dir='ltr'><strong>hoc</strong></span> <span class='ocrx_word' id='word_1_32' title='bbox 2371 1793 2571 1860; x_wconf 81' lang='lat' dir='ltr'><strong>etiam</strong></span> <span class='ocrx_word' id='word_1_33' title='bbox 2614 1816 2733 1882; x_wconf 89' lang='lat' dir='ltr'><strong>per</strong></span> <span class='ocrx_word' id='word_1_34' title='bbox 2756 1795 2981 1861; x_wconf 84' lang='lat' dir='ltr'><strong>literas</strong></span> 
     </span>
     <span class='ocr_line' id='line_1_5' title="bbox 545 1893 2983 1984; baseline -0.002 -16"><span class='ocrx_word' id='word_1_35' title='bbox 545 1907 808 1968; x_wconf 85' lang='lat' dir='ltr'><strong>nostras</strong></span> <span class='ocrx_word' id='word_1_36' title='bbox 851 1905 1154 1984; x_wconf 86' lang='lat' dir='ltr'><strong>patentes</strong></span> <span class='ocrx_word' id='word_1_37' title='bbox 1193 1893 1404 1982; x_wconf 80' lang='lat' dir='ltr'><strong>sigillo</strong></span> <span class='ocrx_word' id='word_1_38' title='bbox 1449 1905 1676 1962; x_wconf 87' lang='lat' dir='ltr'><strong>nostro</strong></span> <span class='ocrx_word' id='word_1_39' title='bbox 1725 1895 2015 1984; x_wconf 85' lang='lat' dir='ltr'><strong>signatas</strong></span> <span class='ocrx_word' id='word_1_40' title='bbox 2056 1895 2425 1984; x_wconf 87' lang='lat' dir='ltr'><strong>justiciario</strong></span> <span class='ocrx_word' id='word_1_41' title='bbox 2464 1907 2533 1963; x_wconf 88' lang='lat' dir='ltr'><strong>et</strong></span> <span class='ocrx_word' id='word_1_42' title='bbox 2572 1896 2759 1962; x_wconf 84' lang='lat' dir='ltr'><strong>vobis</strong></span> <span class='ocrx_word' id='word_1_43' title='bbox 2803 1907 2983 1963; x_wconf 88' lang='lat' dir='ltr'><strong>esset</strong></span> 
     </span>
     <span class='ocr_line' id='line_1_6' title="bbox 541 1997 2980 2089; baseline 0 -22"><span class='ocrx_word' id='word_1_44' title='bbox 541 2001 960 2089; x_wconf 77' lang='lat' dir='ltr'><strong>patefactum,</strong></span> <span class='ocrx_word' id='word_1_45' title='bbox 987 2008 1066 2064; x_wconf 91' lang='lat' dir='ltr'><strong>ut</strong></span> <span class='ocrx_word' id='word_1_46' title='bbox 1099 1997 1182 2064; x_wconf 88' lang='lat' dir='ltr'><strong>de</strong></span> <span class='ocrx_word' id='word_1_47' title='bbox 1209 2019 1288 2064; x_wconf 88' lang='lat' dir='ltr'><strong>ea</strong></span> <span class='ocrx_word' id='word_1_48' title='bbox 1315 1997 1501 2064; x_wconf 85' lang='lat' dir='ltr'><strong>fieret</strong></span> <span class='ocrx_word' id='word_1_49' title='bbox 1528 1997 1706 2086; x_wconf 87' lang='lat' dir='ltr'><strong>quod</strong></span> <span class='ocrx_word' id='word_1_50' title='bbox 1739 1999 1894 2086; x_wconf 82' lang='lat' dir='ltr'><strong>jura</strong></span> <span class='ocrx_word' id='word_1_51' title='bbox 1923 1999 2211 2066; x_wconf 80' lang='lat' dir='ltr'><strong>dictant=</strong></span> <span class='ocrx_word' id='word_1_52' title='bbox 2255 2021 2379 2066; x_wconf 82' lang='lat' dir='ltr'><strong>vos</strong></span> <span class='ocrx_word' id='word_1_53' title='bbox 2407 1999 2855 2082; x_wconf 83' lang='lat' dir='ltr'><strong>nihilominus,</strong></span> <span class='ocrx_word' id='word_1_54' title='bbox 2893 2000 2980 2067; x_wconf 75' lang='lat' dir='ltr'><strong>ad</strong></span> 
     </span>
     <span class='ocr_line' id='line_1_7' title="bbox 549 2103 2978 2198; baseline -0.002 -22"><span class='ocrx_word' id='word_1_55' title='bbox 549 2133 746 2198; x_wconf 87' lang='lat' dir='ltr'><strong>quem</strong></span> <span class='ocrx_word' id='word_1_56' title='bbox 791 2109 1079 2198; x_wconf 80' lang='lat' dir='ltr'><strong>pertinet</strong></span> <span class='ocrx_word' id='word_1_57' title='bbox 1127 2117 1198 2174; x_wconf 90' lang='lat' dir='ltr'><strong>et</strong></span> <span class='ocrx_word' id='word_1_58' title='bbox 1245 2105 1384 2172; x_wconf 88' lang='lat' dir='ltr'><strong>sine</strong></span> <span class='ocrx_word' id='word_1_59' title='bbox 1432 2129 1564 2194; x_wconf 90' lang='lat' dir='ltr'><strong>quo</strong></span> <span class='ocrx_word' id='word_1_60' title='bbox 1609 2107 1752 2174; x_wconf 83' lang='lat' dir='ltr'><strong>fieri</strong></span> <span class='ocrx_word' id='word_1_61' title='bbox 1795 2131 1930 2175; x_wconf 84' lang='lat' dir='ltr'><strong>non</strong></span> <span class='ocrx_word' id='word_1_62' title='bbox 1982 2117 2235 2197; x_wconf 85' lang='lat' dir='ltr'><strong>posset,</strong></span> <span class='ocrx_word' id='word_1_63' title='bbox 2278 2103 2647 2194; x_wconf 64' lang='lat' dir='ltr'><strong>praesertim</strong></span> <span class='ocrx_word' id='word_1_64' title='bbox 2698 2125 2849 2169; x_wconf 88' lang='lat' dir='ltr'><strong>cum</strong></span> <span class='ocrx_word' id='word_1_65' title='bbox 2894 2125 2978 2170; x_wconf 85' lang='lat' dir='ltr'><strong>ex</strong></span> 
     </span>
     <span class='ocr_line' id='line_1_8' title="bbox 545 2204 2979 2298; baseline -0.003 -20"><span class='ocrx_word' id='word_1_66' title='bbox 545 2221 708 2278; x_wconf 91' lang='lat' dir='ltr'><strong>tunc</strong></span> <span class='ocrx_word' id='word_1_67' title='bbox 737 2209 1102 2297; x_wconf 82' lang='lat' dir='ltr'><strong>justiciario</strong></span> <span class='ocrx_word' id='word_1_68' title='bbox 1141 2208 1212 2274; x_wconf 86' lang='lat' dir='ltr'><strong>in</strong></span> <span class='ocrx_word' id='word_1_69' title='bbox 1260 2209 1531 2275; x_wconf 85' lang='lat' dir='ltr'><strong>remotis</strong></span> <span class='ocrx_word' id='word_1_70' title='bbox 1565 2219 1800 2298; x_wconf 83' lang='lat' dir='ltr'><strong>agente</strong></span> <span class='ocrx_word' id='word_1_71' title='bbox 1831 2233 1953 2278; x_wconf 83' lang='lat' dir='ltr'><strong>vos</strong></span> <span class='ocrx_word' id='word_1_72' title='bbox 1995 2212 2216 2278; x_wconf 88' lang='lat' dir='ltr'><strong>locum</strong></span> <span class='ocrx_word' id='word_1_73' title='bbox 2260 2209 2407 2296; x_wconf 86' lang='lat' dir='ltr'><strong>ejus</strong></span> <span class='ocrx_word' id='word_1_74' title='bbox 2458 2204 2803 2272; x_wconf 82' lang='lat' dir='ltr'><strong>tenueritis</strong></span> <span class='ocrx_word' id='word_1_75' title='bbox 2844 2227 2979 2271; x_wconf 82' lang='lat' dir='ltr'><strong>una</strong></span> 
     </span>
     <span class='ocr_line' id='line_1_9' title="bbox 547 2305 2978 2398; baseline -0.002 -17"><span class='ocrx_word' id='word_1_76' title='bbox 547 2337 702 2382; x_wconf 90' lang='lat' dir='ltr'><strong>cum</strong></span> <span class='ocrx_word' id='word_1_77' title='bbox 730 2313 944 2379; x_wconf 89' lang='lat' dir='ltr'><strong>officio</strong></span> <span class='ocrx_word' id='word_1_78' title='bbox 975 2310 1392 2390; x_wconf 49' lang='lat' dir='ltr'><strong>macelloth,</strong></span> <span class='ocrx_word' id='word_1_79' title='bbox 1421 2311 1664 2378; x_wconf 86' lang='lat' dir='ltr'><strong>dictam</strong></span> <span class='ocrx_word' id='word_1_80' title='bbox 1693 2311 2070 2380; x_wconf 75' lang='lat' dir='ltr'><strong>htereticam</strong></span> <span class='ocrx_word' id='word_1_81' title='bbox 2098 2309 2407 2398; x_wconf 82' lang='lat' dir='ltr'><strong>usquein</strong></span> <span class='ocrx_word' id='word_1_82' title='bbox 2442 2327 2737 2395; x_wconf 75' lang='lat' dir='ltr'><strong>praesens</strong></span> <span class='ocrx_word' id='word_1_83' title='bbox 2775 2305 2978 2376; x_wconf 86' lang='lat' dir='ltr'><strong>libere</strong></span> 
     </span>
     <span class='ocr_line' id='line_1_10' title="bbox 543 2411 2978 2503; baseline -0.002 -22"><span class='ocrx_word' id='word_1_84' title='bbox 543 2413 934 2503; x_wconf 76' lang='lat' dir='ltr'>permisistis</span> <span class='ocrx_word' id='word_1_85' title='bbox 977 2411 1256 2500; x_wconf 77' lang='lat' dir='ltr'><strong>evagari,</strong></span> <span class='ocrx_word' id='word_1_86' title='bbox 1297 2413 1496 2478; x_wconf 87' lang='lat' dir='ltr'><strong>etiam</strong></span> <span class='ocrx_word' id='word_1_87' title='bbox 1527 2413 1722 2498; x_wconf 80' lang='lat' dir='ltr'><strong>juxta</strong></span> <span class='ocrx_word' id='word_1_88' title='bbox 1747 2436 1894 2494; x_wconf 81' lang='lat' dir='ltr'><strong>vos,</strong></span> <span class='ocrx_word' id='word_1_89' title='bbox 1932 2414 2005 2480; x_wconf 90' lang='lat' dir='ltr'><strong>in</strong></span> <span class='ocrx_word' id='word_1_90' title='bbox 2048 2425 2311 2480; x_wconf 86' lang='lat' dir='ltr'><strong>tantum</strong></span> <span class='ocrx_word' id='word_1_91' title='bbox 2360 2419 2441 2476; x_wconf 90' lang='lat' dir='ltr'><strong>ut</strong></span> <span class='ocrx_word' id='word_1_92' title='bbox 2473 2417 2746 2496; x_wconf 84' lang='lat' dir='ltr'><strong>propter</strong></span> <span class='ocrx_word' id='word_1_93' title='bbox 2788 2433 2978 2478; x_wconf 82' lang='lat' dir='ltr'><strong>sean-</strong></span> 
     </span>
     <span class='ocr_line' id='line_1_11' title="bbox 543 2512 2975 2604; baseline -0.002 -20"><span class='ocrx_word' id='word_1_94' title='bbox 543 2517 764 2584; x_wconf 85' lang='lat' dir='ltr'><strong>dalum</strong></span> <span class='ocrx_word' id='word_1_95' title='bbox 805 2514 1086 2584; x_wconf 77' lang='lat' dir='ltr'><strong>vicarius</strong></span> <span class='ocrx_word' id='word_1_96' title='bbox 1137 2513 1386 2580; x_wconf 87' lang='lat' dir='ltr'><strong>domini</strong></span> <span class='ocrx_word' id='word_1_97' title='bbox 1437 2515 1910 2604; x_wconf 85' lang='lat' dir='ltr'><strong>archiepiscopi</strong></span> <span class='ocrx_word' id='word_1_98' title='bbox 1954 2512 2388 2583; x_wconf 85' lang='lat' dir='ltr'><strong>Dublinensis</strong></span> <span class='ocrx_word' id='word_1_99' title='bbox 2436 2535 2785 2600; x_wconf 74' lang='lat' dir='ltr'><strong>processus</strong></span> <span class='ocrx_word' id='word_1_100' title='bbox 2832 2515 2975 2601; x_wconf 83' lang='lat' dir='ltr'><strong>jam</strong></span> 
     </span>
     <span class='ocr_line' id='line_1_12' title="bbox 542 2613 2975 2707; baseline -0.001 -22"><span class='ocrx_word' id='word_1_101' title='bbox 542 2617 738 2685; x_wconf 81' lang='lat' dir='ltr'><strong>faciat</strong></span> <span class='ocrx_word' id='word_1_102' title='bbox 765 2627 996 2684; x_wconf 87' lang='lat' dir='ltr'><strong>contra</strong></span> <span class='ocrx_word' id='word_1_103' title='bbox 1021 2626 1460 2704; x_wconf 74' lang='lat' dir='ltr'><strong>receptatores</strong></span> <span class='ocrx_word' id='word_1_104' title='bbox 1509 2627 1580 2684; x_wconf 90' lang='lat' dir='ltr'><strong>et</strong></span> <span class='ocrx_word' id='word_1_105' title='bbox 1607 2619 1898 2686; x_wconf 78' lang='lat' dir='ltr'><strong>fautores</strong></span> <span class='ocrx_word' id='word_1_106' title='bbox 1942 2619 2267 2707; x_wconf 86' lang='lat' dir='ltr'><strong>ejusdem,</strong></span> <span class='ocrx_word' id='word_1_107' title='bbox 2312 2615 2492 2680; x_wconf 86' lang='lat' dir='ltr'><strong>unde</strong></span> <span class='ocrx_word' id='word_1_108' title='bbox 2520 2613 2793 2682; x_wconf 82' lang='lat' dir='ltr'><strong>ecclesia</strong></span> <span class='ocrx_word' id='word_1_109' title='bbox 2838 2638 2975 2682; x_wconf 83' lang='lat' dir='ltr'><strong>nou</strong></span> 
     </span>
     <span class='ocr_line' id='line_1_13' title="bbox 544 2717 2975 2808; baseline -0.002 -20"><span class='ocrx_word' id='word_1_110' title='bbox 544 2719 878 2788; x_wconf 88' lang='lat' dir='ltr'><strong>modicum</strong></span> <span class='ocrx_word' id='word_1_111' title='bbox 907 2717 1264 2784; x_wconf 85' lang='lat' dir='ltr'><strong>admiratur</strong></span> <span class='ocrx_word' id='word_1_112' title='bbox 1292 2719 1468 2806; x_wconf 89' lang='lat' dir='ltr'><strong>quod</strong></span> <span class='ocrx_word' id='word_1_113' title='bbox 1497 2741 1617 2808; x_wconf 87' lang='lat' dir='ltr'><strong>per</strong></span> <span class='ocrx_word' id='word_1_114' title='bbox 1643 2743 1764 2786; x_wconf 83' lang='lat' dir='ltr'><strong>vos</strong></span> <span class='ocrx_word' id='word_1_115' title='bbox 1795 2719 1879 2786; x_wconf 89' lang='lat' dir='ltr'><strong>de</strong></span> <span class='ocrx_word' id='word_1_116' title='bbox 1907 2718 2201 2787; x_wconf 87' lang='lat' dir='ltr'><strong>remedio</strong></span> <span class='ocrx_word' id='word_1_117' title='bbox 2232 2727 2611 2806; x_wconf 88' lang='lat' dir='ltr'><strong>opportuno</strong></span> <span class='ocrx_word' id='word_1_118' title='bbox 2640 2739 2777 2784; x_wconf 88' lang='lat' dir='ltr'><strong>non</strong></span> <span class='ocrx_word' id='word_1_119' title='bbox 2818 2741 2975 2806; x_wconf 61' lang='lat' dir='ltr'><strong>pro-2</strong></span> 
     </span>
     <span class='ocr_line' id='line_1_14' title="bbox 545 2820 2975 2908; baseline -0.001 -18"><span class='ocrx_word' id='word_1_120' title='bbox 545 2823 828 2890; x_wconf 74' lang='lat' dir='ltr'><strong>videtur.</strong></span> <span class='ocrx_word' id='word_1_121' title='bbox 914 2820 1291 2887; x_wconf 85' lang='lat' dir='ltr'><strong>Secundum</strong></span> <span class='ocrx_word' id='word_1_122' title='bbox 1341 2830 1464 2902; x_wconf 73' lang='lat' dir='ltr'><strong>est,</strong></span> <span class='ocrx_word' id='word_1_123' title='bbox 1506 2843 1658 2887; x_wconf 88' lang='lat' dir='ltr'><strong>cum</strong></span> <span class='ocrx_word' id='word_1_124' title='bbox 1703 2843 1826 2888; x_wconf 83' lang='lat' dir='ltr'><strong>vos</strong></span> <span class='ocrx_word' id='word_1_125' title='bbox 1857 2820 2003 2900; x_wconf 78' lang='lat' dir='ltr'><strong>sitis</strong></span> <span class='ocrx_word' id='word_1_126' title='bbox 2041 2820 2407 2908; x_wconf 77' lang='lat' dir='ltr'><strong>religiosus,</strong></span> <span class='ocrx_word' id='word_1_127' title='bbox 2454 2821 2713 2908; x_wconf 82' lang='lat' dir='ltr'><strong>signum</strong></span> <span class='ocrx_word' id='word_1_128' title='bbox 2763 2821 2975 2888; x_wconf 81' lang='lat' dir='ltr'><strong>crucis</strong></span> 
     </span>
     <span class='ocr_line' id='line_1_15' title="bbox 545 2909 2973 3013; baseline 0 -21"><span class='ocrx_word' id='word_1_129' title='bbox 545 2937 810 3013; x_wconf 78' lang='lat' dir='ltr'><strong>gestans</strong></span> <span class='ocrx_word' id='word_1_130' title='bbox 853 2924 926 2990; x_wconf 85' lang='lat' dir='ltr'><strong>in</strong></span> <span class='ocrx_word' id='word_1_131' title='bbox 967 2921 1220 3004; x_wconf 86' lang='lat' dir='ltr'><strong>habitu,</strong></span> <span class='ocrx_word' id='word_1_132' title='bbox 1248 2932 1328 2989; x_wconf 91' lang='lat' dir='ltr'><strong>ut</strong></span> <span class='ocrx_word' id='word_1_133' title='bbox 1353 2923 1440 2990; x_wconf 90' lang='lat' dir='ltr'><strong>ob</strong></span> <span class='ocrx_word' id='word_1_134' title='bbox 1470 2947 1758 2992; x_wconf 86' lang='lat' dir='ltr'><strong>amorem</strong></span> <span class='ocrx_word' id='word_1_135' title='bbox 1789 2923 2087 2990; x_wconf 84' lang='lat' dir='ltr'><strong>crucifixi</strong></span> <span class='ocrx_word' id='word_1_136' title='bbox 2130 2923 2357 3011; x_wconf 68' lang='lat' dir='ltr'><strong>praelia</strong></span> <span class='ocrx_word' id='word_1_137' title='bbox 2384 2909 2638 2990; x_wconf 80' lang='lat' dir='ltr'><strong>domini</strong></span> <span class='ocrx_word' id='word_1_138' title='bbox 2680 2923 2973 2992; x_wconf 79' lang='lat' dir='ltr'><strong>debeatis</strong></span> 
     </span>
     <span class='ocr_line' id='line_1_16' title="bbox 543 3024 2977 3117; baseline -0.001 -22"><span class='ocrx_word' id='word_1_139' title='bbox 543 3027 843 3117; x_wconf 76' lang='lat' dir='ltr'><strong>proeliari‚</strong></span> <span class='ocrx_word' id='word_1_140' title='bbox 871 3048 996 3092; x_wconf 86' lang='lat' dir='ltr'><strong>nos</strong></span> <span class='ocrx_word' id='word_1_141' title='bbox 1025 3047 1109 3092; x_wconf 83' lang='lat' dir='ltr'><strong>ex</strong></span> <span class='ocrx_word' id='word_1_142' title='bbox 1131 3046 1262 3112; x_wconf 88' lang='lat' dir='ltr'><strong>quo</strong></span> <span class='ocrx_word' id='word_1_143' title='bbox 1289 3047 1486 3092; x_wconf 83' lang='lat' dir='ltr'><strong>causa</strong></span> <span class='ocrx_word' id='word_1_144' title='bbox 1515 3024 1766 3092; x_wconf 83' lang='lat' dir='ltr'><strong>Christi</strong></span> <span class='ocrx_word' id='word_1_145' title='bbox 1796 3035 1868 3092; x_wconf 89' lang='lat' dir='ltr'><strong>et</strong></span> <span class='ocrx_word' id='word_1_146' title='bbox 1893 3025 2053 3092; x_wconf 83' lang='lat' dir='ltr'><strong>fidei</strong></span> <span class='ocrx_word' id='word_1_147' title='bbox 2083 3025 2213 3091; x_wconf 81' lang='lat' dir='ltr'><strong>fuit</strong></span> <span class='ocrx_word' id='word_1_148' title='bbox 2240 3025 2551 3091; x_wconf 87' lang='lat' dir='ltr'><strong>inchoata</strong></span> <span class='ocrx_word' id='word_1_149' title='bbox 2578 3033 2715 3092; x_wconf 87' lang='lat' dir='ltr'><strong>tam</strong></span> <span class='ocrx_word' id='word_1_150' title='bbox 2745 3036 2977 3093; x_wconf 81' lang='lat' dir='ltr'><strong>contra</strong></span> 
     </span>
     <span class='ocr_line' id='line_1_17' title="bbox 545 3125 2973 3217; baseline -0 -19"><span class='ocrx_word' id='word_1_151' title='bbox 545 3141 820 3198; x_wconf 88' lang='lat' dir='ltr'><strong>matrem</strong></span> <span class='ocrx_word' id='word_1_152' title='bbox 846 3125 1221 3195; x_wconf 75' lang='lat' dir='ltr'><strong>haereticam</strong></span> <span class='ocrx_word' id='word_1_153' title='bbox 1251 3149 1449 3217; x_wconf 87' lang='lat' dir='ltr'><strong>quam</strong></span> <span class='ocrx_word' id='word_1_154' title='bbox 1477 3127 1674 3194; x_wconf 85' lang='lat' dir='ltr'><strong>etiam</strong></span> <span class='ocrx_word' id='word_1_155' title='bbox 1705 3139 1936 3195; x_wconf 87' lang='lat' dir='ltr'><strong>contra</strong></span> <span class='ocrx_word' id='word_1_156' title='bbox 1964 3127 2175 3194; x_wconf 85' lang='lat' dir='ltr'><strong>filium</strong></span> <span class='ocrx_word' id='word_1_157' title='bbox 2216 3127 2289 3192; x_wconf 89' lang='lat' dir='ltr'><strong>in</strong></span> <span class='ocrx_word' id='word_1_158' title='bbox 2316 3126 2449 3194; x_wconf 85' lang='lat' dir='ltr'><strong>fide</strong></span> <span class='ocrx_word' id='word_1_159' title='bbox 2478 3135 2861 3215; x_wconf 85' lang='lat' dir='ltr'><strong>suspectum</strong></span> <span class='ocrx_word' id='word_1_160' title='bbox 2892 3129 2973 3198; x_wconf 87' lang='lat' dir='ltr'><strong>de</strong></span> 
     </span>
     <span class='ocr_line' id='line_1_18' title="bbox 545 3219 2972 3319; baseline -0.002 -17"><span class='ocrx_word' id='word_1_161' title='bbox 545 3234 738 3302; x_wconf 81' lang='lat' dir='ltr'><strong>vobis</strong></span> <span class='ocrx_word' id='word_1_162' title='bbox 790 3241 906 3299; x_wconf 90' lang='lat' dir='ltr'><strong>aut</strong></span> <span class='ocrx_word' id='word_1_163' title='bbox 945 3230 1160 3297; x_wconf 88' lang='lat' dir='ltr'><strong>officio</strong></span> <span class='ocrx_word' id='word_1_164' title='bbox 1197 3241 1419 3297; x_wconf 84' lang='lat' dir='ltr'><strong>vestro</strong></span> <span class='ocrx_word' id='word_1_165' title='bbox 1463 3253 1800 3318; x_wconf 85' lang='lat' dir='ltr'><strong>nunquam</strong></span> <span class='ocrx_word' id='word_1_166' title='bbox 1846 3231 1916 3297; x_wconf 86' lang='lat' dir='ltr'><strong>in</strong></span> <span class='ocrx_word' id='word_1_167' title='bbox 1966 3228 2352 3319; x_wconf 84' lang='lat' dir='ltr'><strong>hujusmodi</strong></span> <span class='ocrx_word' id='word_1_168' title='bbox 2396 3250 2593 3294; x_wconf 84' lang='lat' dir='ltr'><strong>causa</strong></span> <span class='ocrx_word' id='word_1_169' title='bbox 2632 3219 2972 3316; x_wconf 76' lang='lat' dir='ltr'><strong>potuimus</strong></span> 
     </span>
     <span class='ocr_line' id='line_1_19' title="bbox 545 3328 2973 3421; baseline -0.002 -17"><span class='ocrx_word' id='word_1_170' title='bbox 545 3336 839 3405; x_wconf 82' lang='lat' dir='ltr'><strong>invenire</strong></span> <span class='ocrx_word' id='word_1_171' title='bbox 909 3332 1188 3421; x_wconf 83' lang='lat' dir='ltr'><strong>gratiam</strong></span> <span class='ocrx_word' id='word_1_172' title='bbox 1259 3354 1376 3400; x_wconf 89' lang='lat' dir='ltr'><strong>seu</strong></span> <span class='ocrx_word' id='word_1_173' title='bbox 1446 3333 1758 3415; x_wconf 80' lang='lat' dir='ltr'><strong>savorem,</strong></span> <span class='ocrx_word' id='word_1_174' title='bbox 1817 3334 1979 3420; x_wconf 87' lang='lat' dir='ltr'><strong>quin</strong></span> <span class='ocrx_word' id='word_1_175' title='bbox 2052 3332 2299 3421; x_wconf 85' lang='lat' dir='ltr'><strong>potius,</strong></span> <span class='ocrx_word' id='word_1_176' title='bbox 2356 3352 2509 3397; x_wconf 85' lang='lat' dir='ltr'><strong>cum</strong></span> <span class='ocrx_word' id='word_1_177' title='bbox 2581 3328 2653 3395; x_wconf 83' lang='lat' dir='ltr'><strong>in</strong></span> <span class='ocrx_word' id='word_1_178' title='bbox 2710 3330 2973 3401; x_wconf 74' lang='lat' dir='ltr'><strong>civitate</strong></span> 
     </span>
     <span class='ocr_line' id='line_1_20' title="bbox 549 3432 2973 3523; baseline -0.003 -15"><span class='ocrx_word' id='word_1_179' title='bbox 549 3438 926 3509; x_wconf 75' lang='lat' dir='ltr'><strong>Kilkenniae</strong></span> <span class='ocrx_word' id='word_1_180' title='bbox 997 3432 1363 3520; x_wconf 82' lang='lat' dir='ltr'><strong>hospitium</strong></span> <span class='ocrx_word' id='word_1_181' title='bbox 1433 3434 1588 3501; x_wconf 84' lang='lat' dir='ltr'><strong>alibi</strong></span> <span class='ocrx_word' id='word_1_182' title='bbox 1657 3434 1959 3503; x_wconf 83' lang='lat' dir='ltr'><strong>habeatis</strong></span> <span class='ocrx_word' id='word_1_183' title='bbox 2030 3434 2381 3523; x_wconf 87' lang='lat' dir='ltr'><strong>pulchrum</strong></span> <span class='ocrx_word' id='word_1_184' title='bbox 2454 3442 2525 3500; x_wconf 93' lang='lat' dir='ltr'><strong>et</strong></span> <span class='ocrx_word' id='word_1_185' title='bbox 2592 3432 2973 3518; x_wconf 85' lang='lat' dir='ltr'><strong>honestum,</strong></span> 
     </span>
     <span class='ocr_line' id='line_1_21' title="bbox 546 3534 2976 3610; baseline -0.002 -1"><span class='ocrx_word' id='word_1_186' title='bbox 546 3562 668 3610; x_wconf 84' lang='lat' dir='ltr'><strong>vos</strong></span> <span class='ocrx_word' id='word_1_187' title='bbox 741 3550 965 3605; x_wconf 84' lang='lat' dir='ltr'><strong>tamen</strong></span> <span class='ocrx_word' id='word_1_188' title='bbox 1041 3534 1467 3603; x_wconf 86' lang='lat' dir='ltr'><strong>nihilominus</strong></span> <span class='ocrx_word' id='word_1_189' title='bbox 1533 3560 1618 3605; x_wconf 84' lang='lat' dir='ltr'><strong>ex</strong></span> <span class='ocrx_word' id='word_1_190' title='bbox 1683 3549 1846 3606; x_wconf 87' lang='lat' dir='ltr'><strong>tunc</strong></span> <span class='ocrx_word' id='word_1_191' title='bbox 1918 3547 1991 3605; x_wconf 90' lang='lat' dir='ltr'><strong>et</strong></span> <span class='ocrx_word' id='word_1_192' title='bbox 2056 3560 2193 3604; x_wconf 87' lang='lat' dir='ltr'><strong>non</strong></span> <span class='ocrx_word' id='word_1_193' title='bbox 2264 3545 2420 3602; x_wconf 85' lang='lat' dir='ltr'><strong>ante</strong></span> <span class='ocrx_word' id='word_1_194' title='bbox 2474 3534 2547 3601; x_wconf 89' lang='lat' dir='ltr'><strong>in</strong></span> <span class='ocrx_word' id='word_1_195' title='bbox 2607 3534 2806 3603; x_wconf 86' lang='lat' dir='ltr'><strong>domo</strong></span> <span class='ocrx_word' id='word_1_196' title='bbox 2862 3536 2976 3605; x_wconf 78' lang='lat' dir='ltr'><strong>illa</strong></span> 
     </span>
     <span class='ocr_line' id='line_1_22' title="bbox 545 3636 2977 3727; baseline -0.001 -16"><span class='ocrx_word' id='word_1_197' title='bbox 545 3638 925 3722; x_wconf 59' lang='lat' dir='ltr'><strong>haereticam,</strong></span> <span class='ocrx_word' id='word_1_198' title='bbox 973 3636 1286 3725; x_wconf 87' lang='lat' dir='ltr'><strong>spelunca</strong></span> <span class='ocrx_word' id='word_1_199' title='bbox 1336 3638 1585 3707; x_wconf 83' lang='lat' dir='ltr'><strong>scilicet</strong></span> <span class='ocrx_word' id='word_1_200' title='bbox 1627 3640 2111 3722; x_wconf 79' lang='lat' dir='ltr'><strong>hoereticorum,</strong></span> <span class='ocrx_word' id='word_1_201' title='bbox 2160 3662 2309 3727; x_wconf 77' lang='lat' dir='ltr'><strong>quae</strong></span> <span class='ocrx_word' id='word_1_202' title='bbox 2350 3636 2591 3705; x_wconf 88' lang='lat' dir='ltr'><strong>latrina</strong></span> <span class='ocrx_word' id='word_1_203' title='bbox 2632 3648 2977 3727; x_wconf 83' lang='lat' dir='ltr'><strong>reputatur</strong></span> 
     </span>
     <span class='ocr_line' id='line_1_23' title="bbox 547 3738 2975 3825; baseline -0.001 -11"><span class='ocrx_word' id='word_1_204' title='bbox 547 3742 860 3824; x_wconf 73' lang='lat' dir='ltr'><strong>eeclesiae,</strong></span> <span class='ocrx_word' id='word_1_205' title='bbox 908 3761 1031 3807; x_wconf 82' lang='lat' dir='ltr'><strong>vos</strong></span> <span class='ocrx_word' id='word_1_206' title='bbox 1087 3738 1408 3825; x_wconf 83' lang='lat' dir='ltr'><strong>hospitari</strong></span> <span class='ocrx_word' id='word_1_207' title='bbox 1465 3741 1732 3824; x_wconf 77' lang='lat' dir='ltr'><strong>fecistis,</strong></span> <span class='ocrx_word' id='word_1_208' title='bbox 1783 3753 1854 3811; x_wconf 91' lang='lat' dir='ltr'><strong>et</strong></span> <span class='ocrx_word' id='word_1_209' title='bbox 1907 3742 2160 3811; x_wconf 84' lang='lat' dir='ltr'><strong>ibidem</strong></span> <span class='ocrx_word' id='word_1_210' title='bbox 2217 3742 2665 3810; x_wconf 80' lang='lat' dir='ltr'><strong>cancellariam</strong></span> <span class='ocrx_word' id='word_1_211' title='bbox 2722 3742 2975 3813; x_wconf 87' lang='lat' dir='ltr'><strong>domini</strong></span> 
     </span>
     <span class='ocr_line' id='line_1_24' title="bbox 545 3838 2977 3928; baseline -0.001 -13"><span class='ocrx_word' id='word_1_212' title='bbox 545 3844 758 3915; x_wconf 81' lang='lat' dir='ltr'><strong>nostri</strong></span> <span class='ocrx_word' id='word_1_213' title='bbox 805 3839 978 3928; x_wconf 84' lang='lat' dir='ltr'><strong>regis</strong></span> <span class='ocrx_word' id='word_1_214' title='bbox 1028 3838 1340 3928; x_wconf 84' lang='lat' dir='ltr'><strong>principis</strong></span> <span class='ocrx_word' id='word_1_215' title='bbox 1385 3850 1524 3908; x_wconf 82' lang='lat' dir='ltr'><strong>tam</strong></span> <span class='ocrx_word' id='word_1_216' title='bbox 1568 3844 1872 3911; x_wconf 87' lang='lat' dir='ltr'><strong>catholici</strong></span> <span class='ocrx_word' id='word_1_217' title='bbox 1903 3842 2236 3925; x_wconf 80' lang='lat' dir='ltr'><strong>tenuistis,</strong></span> <span class='ocrx_word' id='word_1_218' title='bbox 2276 3844 2350 3911; x_wconf 86' lang='lat' dir='ltr'><strong>in</strong></span> <span class='ocrx_word' id='word_1_219' title='bbox 2400 3842 2782 3909; x_wconf 80' lang='lat' dir='ltr'><strong>scandalum</strong></span> <span class='ocrx_word' id='word_1_220' title='bbox 2822 3845 2977 3914; x_wconf 79' lang='lat' dir='ltr'><strong>fidei</strong></span> 
     </span>
     <span class='ocr_line' id='line_1_25' title="bbox 547 3943 2976 4034; baseline -0.001 -18"><span class='ocrx_word' id='word_1_221' title='bbox 547 3964 618 4021; x_wconf 83' lang='lat' dir='ltr'><strong>et</strong></span> <span class='ocrx_word' id='word_1_222' title='bbox 659 3946 1060 4034; x_wconf 84' lang='lat' dir='ltr'><strong>vituperium</strong></span> <span class='ocrx_word' id='word_1_223' title='bbox 1117 3965 1251 4011; x_wconf 89' lang='lat' dir='ltr'><strong>non</strong></span> <span class='ocrx_word' id='word_1_224' title='bbox 1301 3943 1636 4011; x_wconf 89' lang='lat' dir='ltr'><strong>modicum</strong></span> <span class='ocrx_word' id='word_1_225' title='bbox 1675 3944 1928 4012; x_wconf 89' lang='lat' dir='ltr'><strong>domini</strong></span> <span class='ocrx_word' id='word_1_226' title='bbox 1978 3946 2191 4012; x_wconf 84' lang='lat' dir='ltr'><strong>nostri</strong></span> <span class='ocrx_word' id='word_1_227' title='bbox 2228 3944 2422 4033; x_wconf 83' lang='lat' dir='ltr'><strong>regis.</strong></span> <span class='ocrx_word' id='word_1_228' title='bbox 2506 3945 2807 4012; x_wconf 77' lang='lat' dir='ltr'><strong>Tertium</strong></span> <span class='ocrx_word' id='word_1_229' title='bbox 2850 3958 2976 4031; x_wconf 86' lang='lat' dir='ltr'><strong>est,</strong></span> 
     </span>
     <span class='ocr_line' id='line_1_26' title="bbox 545 4044 2977 4135; baseline -0.001 -14"><span class='ocrx_word' id='word_1_230' title='bbox 545 4075 700 4121; x_wconf 88' lang='lat' dir='ltr'><strong>cum</strong></span> <span class='ocrx_word' id='word_1_231' title='bbox 729 4046 1080 4116; x_wconf 84' lang='lat' dir='ltr'><strong>comitatus</strong></span> <span class='ocrx_word' id='word_1_232' title='bbox 1126 4044 1254 4111; x_wconf 82' lang='lat' dir='ltr'><strong>iste</strong></span> <span class='ocrx_word' id='word_1_233' title='bbox 1297 4044 1387 4112; x_wconf 92' lang='lat' dir='ltr'><strong>sit</strong></span> <span class='ocrx_word' id='word_1_234' title='bbox 1425 4046 1496 4112; x_wconf 89' lang='lat' dir='ltr'><strong>in</strong></span> <span class='ocrx_word' id='word_1_235' title='bbox 1547 4049 1856 4135; x_wconf 62' lang='lat' dir='ltr'><strong>praesenti</strong></span> <span class='ocrx_word' id='word_1_236' title='bbox 1907 4048 2052 4115; x_wconf 87' lang='lat' dir='ltr'><strong>sine</strong></span> <span class='ocrx_word' id='word_1_237' title='bbox 2096 4046 2315 4113; x_wconf 86' lang='lat' dir='ltr'><strong>medio</strong></span> <span class='ocrx_word' id='word_1_238' title='bbox 2356 4048 2429 4114; x_wconf 85' lang='lat' dir='ltr'><strong>in</strong></span> <span class='ocrx_word' id='word_1_239' title='bbox 2478 4068 2682 4112; x_wconf 87' lang='lat' dir='ltr'><strong>manu</strong></span> <span class='ocrx_word' id='word_1_240' title='bbox 2723 4046 2977 4119; x_wconf 87' lang='lat' dir='ltr'><strong>domini</strong></span> 
     </span>
     <span class='ocr_line' id='line_1_27' title="bbox 545 4146 2975 4243; baseline 0 -24"><span class='ocrx_word' id='word_1_241' title='bbox 545 4154 740 4243; x_wconf 81' lang='lat' dir='ltr'><strong>regis,</strong></span> <span class='ocrx_word' id='word_1_242' title='bbox 795 4159 867 4217; x_wconf 89' lang='lat' dir='ltr'><strong>et</strong></span> <span class='ocrx_word' id='word_1_243' title='bbox 914 4148 1066 4236; x_wconf 86' lang='lat' dir='ltr'><strong>jura</strong></span> <span class='ocrx_word' id='word_1_244' title='bbox 1120 4146 1329 4214; x_wconf 83' lang='lat' dir='ltr'><strong>velint</strong></span> <span class='ocrx_word' id='word_1_245' title='bbox 1385 4147 1696 4216; x_wconf 85' lang='lat' dir='ltr'><strong>canonica</strong></span> <span class='ocrx_word' id='word_1_246' title='bbox 1751 4148 1932 4237; x_wconf 87' lang='lat' dir='ltr'><strong>quod</strong></span> <span class='ocrx_word' id='word_1_247' title='bbox 1989 4150 2077 4215; x_wconf 86' lang='lat' dir='ltr'><strong>ad</strong></span> <span class='ocrx_word' id='word_1_248' title='bbox 2130 4148 2624 4236; x_wconf 82' lang='lat' dir='ltr'><strong>requisitionem</strong></span> <span class='ocrx_word' id='word_1_249' title='bbox 2680 4150 2975 4240; x_wconf 87' lang='lat' dir='ltr'><strong>episcopi</strong></span> 
     </span>
     <span class='ocr_line' id='line_1_28' title="bbox 547 4248 2974 4338; baseline -0.002 -12"><span class='ocrx_word' id='word_1_250' title='bbox 547 4252 834 4327; x_wconf 87' lang='lat' dir='ltr'><strong>ministri</strong></span> <span class='ocrx_word' id='word_1_251' title='bbox 891 4248 1308 4317; x_wconf 87' lang='lat' dir='ltr'><strong>dominorum</strong></span> <span class='ocrx_word' id='word_1_252' title='bbox 1370 4250 1831 4337; x_wconf 80' lang='lat' dir='ltr'><strong>temporalium</strong></span> <span class='ocrx_word' id='word_1_253' title='bbox 1880 4252 2105 4338; x_wconf 81' lang='lat' dir='ltr'><strong>jurare</strong></span> <span class='ocrx_word' id='word_1_254' title='bbox 2154 4248 2460 4331; x_wconf 83' lang='lat' dir='ltr'><strong>debeant,</strong></span> <span class='ocrx_word' id='word_1_255' title='bbox 2502 4248 2696 4317; x_wconf 83' lang='lat' dir='ltr'><strong>tactis</strong></span> <span class='ocrx_word' id='word_1_256' title='bbox 2756 4274 2974 4320; x_wconf 83' lang='lat' dir='ltr'><strong>sacro-</strong></span> 
     </span>
     <span class='ocr_line' id='line_1_29' title="bbox 547 4351 2976 4441; baseline -0.003 -12"><span class='ocrx_word' id='word_1_257' title='bbox 547 4358 812 4441; x_wconf 83' lang='lat' dir='ltr'><strong>sanctis,</strong></span> <span class='ocrx_word' id='word_1_258' title='bbox 840 4355 926 4423; x_wconf 84' lang='lat' dir='ltr'><strong>ad</strong></span> <span class='ocrx_word' id='word_1_259' title='bbox 953 4352 1436 4421; x_wconf 80' lang='lat' dir='ltr'><strong>observandum</strong></span> <span class='ocrx_word' id='word_1_260' title='bbox 1465 4363 1534 4419; x_wconf 88' lang='lat' dir='ltr'><strong>et</strong></span> <span class='ocrx_word' id='word_1_261' title='bbox 1561 4354 1646 4419; x_wconf 86' lang='lat' dir='ltr'><strong>ad</strong></span> <span class='ocrx_word' id='word_1_262' title='bbox 1672 4353 2047 4419; x_wconf 79' lang='lat' dir='ltr'><strong>faciendum</strong></span> <span class='ocrx_word' id='word_1_263' title='bbox 2076 4374 2116 4417; x_wconf 86' lang='lat' dir='ltr'><strong>a</strong></span> <span class='ocrx_word' id='word_1_264' title='bbox 2142 4352 2283 4417; x_wconf 88' lang='lat' dir='ltr'><strong>suis</strong></span> <span class='ocrx_word' id='word_1_265' title='bbox 2327 4351 2611 4418; x_wconf 84' lang='lat' dir='ltr'><strong>subditis</strong></span> <span class='ocrx_word' id='word_1_266' title='bbox 2641 4351 2976 4421; x_wconf 75' lang='lat' dir='ltr'><strong>observari</strong></span> 
     </span>
     <span class='ocr_line' id='line_1_30' title="bbox 545 4454 2978 4543; baseline -0.004 -10"><span class='ocrx_word' id='word_1_267' title='bbox 545 4459 1055 4533; x_wconf 84' lang='lat' dir='ltr'><strong>constitutiones</strong></span> <span class='ocrx_word' id='word_1_268' title='bbox 1104 4464 1175 4521; x_wconf 88' lang='lat' dir='ltr'><strong>et</strong></span> <span class='ocrx_word' id='word_1_269' title='bbox 1219 4464 1470 4521; x_wconf 80' lang='lat' dir='ltr'><strong>statuta</strong></span> <span class='ocrx_word' id='word_1_270' title='bbox 1517 4454 1878 4543; x_wconf 85' lang='lat' dir='ltr'><strong>apostolica</strong></span> <span class='ocrx_word' id='word_1_271' title='bbox 1927 4465 2159 4523; x_wconf 86' lang='lat' dir='ltr'><strong>contra</strong></span> <span class='ocrx_word' id='word_1_272' title='bbox 2204 4454 2573 4537; x_wconf 60' lang='lat' dir='ltr'><strong>haereticos,</strong></span> <span class='ocrx_word' id='word_1_273' title='bbox 2612 4456 2978 4543; x_wconf 84' lang='lat' dir='ltr'><strong>credentes,</strong></span> 
     </span>
     <span class='ocr_line' id='line_1_31' title="bbox 545 4556 2976 4648; baseline -0.005 -11"><span class='ocrx_word' id='word_1_274' title='bbox 545 4572 855 4646; x_wconf 79' lang='lat' dir='ltr'><strong>fautores,</strong></span> <span class='ocrx_word' id='word_1_275' title='bbox 899 4567 1360 4648; x_wconf 76' lang='lat' dir='ltr'><strong>receptatores,</strong></span> <span class='ocrx_word' id='word_1_276' title='bbox 1387 4567 1458 4625; x_wconf 89' lang='lat' dir='ltr'><strong>et</strong></span> <span class='ocrx_word' id='word_1_277' title='bbox 1483 4580 1710 4625; x_wconf 88' lang='lat' dir='ltr'><strong>eorum</strong></span> <span class='ocrx_word' id='word_1_278' title='bbox 1739 4558 2142 4641; x_wconf 81' lang='lat' dir='ltr'><strong>defensores,</strong></span> <span class='ocrx_word' id='word_1_279' title='bbox 2185 4580 2311 4624; x_wconf 88' lang='lat' dir='ltr'><strong>nos</strong></span> <span class='ocrx_word' id='word_1_280' title='bbox 2355 4579 2395 4622; x_wconf 88' lang='lat' dir='ltr'><strong>a</strong></span> <span class='ocrx_word' id='word_1_281' title='bbox 2419 4556 2637 4638; x_wconf 81' lang='lat' dir='ltr'><strong>vobis,</strong></span> <span class='ocrx_word' id='word_1_282' title='bbox 2663 4566 2976 4646; x_wconf 87' lang='lat' dir='ltr'><strong>tanquam</strong></span> 
     </span>
     <span class='ocr_line' id='line_1_32' title="bbox 544 4658 2975 4751; baseline -0.005 -12"><span class='ocrx_word' id='word_1_283' title='bbox 544 4696 586 4739; x_wconf 86' lang='lat' dir='ltr'><strong>a</strong></span> <span class='ocrx_word' id='word_1_284' title='bbox 620 4669 923 4737; x_wconf 86' lang='lat' dir='ltr'><strong>ministro</strong></span> <span class='ocrx_word' id='word_1_285' title='bbox 951 4659 1326 4751; x_wconf 77' lang='lat' dir='ltr'><strong>reipublicae</strong></span> <span class='ocrx_word' id='word_1_286' title='bbox 1355 4660 1426 4727; x_wconf 86' lang='lat' dir='ltr'><strong>in</strong></span> <span class='ocrx_word' id='word_1_287' title='bbox 1462 4660 1592 4728; x_wconf 86' lang='lat' dir='ltr'><strong>hiis</strong></span> <span class='ocrx_word' id='word_1_288' title='bbox 1634 4660 1957 4750; x_wconf 83' lang='lat' dir='ltr'><strong>partibus,</strong></span> <span class='ocrx_word' id='word_1_289' title='bbox 2002 4662 2452 4748; x_wconf 78' lang='lat' dir='ltr'><strong>juramentum</strong></span> <span class='ocrx_word' id='word_1_290' title='bbox 2480 4658 2644 4725; x_wconf 89' lang='lat' dir='ltr'><strong>illud</strong></span> <span class='ocrx_word' id='word_1_291' title='bbox 2686 4660 2975 4745; x_wconf 80' lang='lat' dir='ltr'><strong>petimus</strong></span> 
     </span>
     <span class='ocr_line' id='line_1_33' title="bbox 542 4759 2979 4852; baseline -0.005 -11"><span class='ocrx_word' id='word_1_292' title='bbox 542 4796 620 4841; x_wconf 86' lang='lat' dir='ltr'><strong>ac</strong></span> <span class='ocrx_word' id='word_1_293' title='bbox 656 4770 853 4839; x_wconf 82' lang='lat' dir='ltr'><strong>etiam</strong></span> <span class='ocrx_word' id='word_1_294' title='bbox 897 4766 981 4833; x_wconf 89' lang='lat' dir='ltr'><strong>de</strong></span> <span class='ocrx_word' id='word_1_295' title='bbox 1017 4760 1302 4852; x_wconf 74' lang='lat' dir='ltr'><strong>jurando</strong></span> <span class='ocrx_word' id='word_1_296' title='bbox 1351 4762 1740 4851; x_wconf 86' lang='lat' dir='ltr'><strong>requirimus</strong></span> <span class='ocrx_word' id='word_1_297' title='bbox 1783 4772 1854 4829; x_wconf 89' lang='lat' dir='ltr'><strong>et</strong></span> <span class='ocrx_word' id='word_1_298' title='bbox 1891 4784 2237 4829; x_wconf 87' lang='lat' dir='ltr'><strong>monemus</strong></span> <span class='ocrx_word' id='word_1_299' title='bbox 2268 4761 2506 4849; x_wconf 87' lang='lat' dir='ltr'><strong>primo,</strong></span> <span class='ocrx_word' id='word_1_300' title='bbox 2550 4759 2861 4843; x_wconf 84' lang='lat' dir='ltr'><strong>secundo,</strong></span> <span class='ocrx_word' id='word_1_301' title='bbox 2908 4770 2979 4829; x_wconf 88' lang='lat' dir='ltr'><strong>et</strong></span> 
     </span>
     <span class='ocr_line' id='line_1_34' title="bbox 543 4862 2978 4954; baseline -0.004 -15"><span class='ocrx_word' id='word_1_302' title='bbox 543 4872 763 4954; x_wconf 75' lang='lat' dir='ltr'><strong>tertio,</strong></span> <span class='ocrx_word' id='word_1_303' title='bbox 782 4890 1003 4936; x_wconf 90' lang='lat' dir='ltr'><strong>coram</strong></span> <span class='ocrx_word' id='word_1_304' title='bbox 1024 4874 1169 4932; x_wconf 83' lang='lat' dir='ltr'><strong>toto</strong></span> <span class='ocrx_word' id='word_1_305' title='bbox 1195 4862 1330 4930; x_wconf 88' lang='lat' dir='ltr'><strong>isto</strong></span> <span class='ocrx_word' id='word_1_306' title='bbox 1351 4865 1523 4933; x_wconf 89' lang='lat' dir='ltr'><strong>clero</strong></span> <span class='ocrx_word' id='word_1_307' title='bbox 1545 4876 1616 4933; x_wconf 90' lang='lat' dir='ltr'><strong>et</strong></span> <span class='ocrx_word' id='word_1_308' title='bbox 1635 4864 1906 4953; x_wconf 86' lang='lat' dir='ltr'><strong>populo,</strong></span> <span class='ocrx_word' id='word_1_309' title='bbox 1927 4864 2239 4933; x_wconf 87' lang='lat' dir='ltr'><strong>canonice</strong></span> <span class='ocrx_word' id='word_1_310' title='bbox 2262 4863 2388 4930; x_wconf 87' lang='lat' dir='ltr'><strong>sub</strong></span> <span class='ocrx_word' id='word_1_311' title='bbox 2408 4862 2623 4951; x_wconf 79' lang='lat' dir='ltr'><strong>poenis</strong></span> <span class='ocrx_word' id='word_1_312' title='bbox 2646 4864 2978 4931; x_wconf 87' lang='lat' dir='ltr'><strong>contentis</strong></span> 
     </span>
     <span class='ocr_line' id='line_1_35' title="bbox 543 4964 2975 5057; baseline -0.005 -13"><span class='ocrx_word' id='word_1_313' title='bbox 543 4978 616 5044; x_wconf 89' lang='lat' dir='ltr'><strong>in</strong></span> <span class='ocrx_word' id='word_1_314' title='bbox 661 4973 933 5042; x_wconf 86' lang='lat' dir='ltr'><strong>eisdem.</strong></span> <span class='ocrx_word' id='word_1_315' title='bbox 1022 4966 1348 5035; x_wconf 78' lang='lat' dir='ltr'><strong>Quartum</strong></span> <span class='ocrx_word' id='word_1_316' title='bbox 1405 4976 1529 5049; x_wconf 83' lang='lat' dir='ltr'><strong>est,</strong></span> <span class='ocrx_word' id='word_1_317' title='bbox 1579 4967 1735 5055; x_wconf 86' lang='lat' dir='ltr'><strong>quia</strong></span> <span class='ocrx_word' id='word_1_318' title='bbox 1791 4978 1928 5034; x_wconf 85' lang='lat' dir='ltr'><strong>tam</strong></span> <span class='ocrx_word' id='word_1_319' title='bbox 1970 4986 2100 5057; x_wconf 86' lang='lat' dir='ltr'><strong>per</strong></span> <span class='ocrx_word' id='word_1_320' title='bbox 2148 4964 2419 5049; x_wconf 82' lang='lat' dir='ltr'><strong>clericos</strong></span> <span class='ocrx_word' id='word_1_321' title='bbox 2470 4972 2728 5031; x_wconf 82' lang='lat' dir='ltr'><strong>vestros</strong></span> <span class='ocrx_word' id='word_1_322' title='bbox 2777 4987 2975 5053; x_wconf 88' lang='lat' dir='ltr'><strong>quam</strong></span> 
     </span>
    </p>
   </div>
   <div class='ocr_carea' id='block_1_3' title="bbox 61 757 3837 831">
    <p class='ocr_par' dir='ltr' id='par_1_3' title="bbox 61 757 3837 831">
     <span class='ocr_line' id='line_1_36' title="bbox 61 757 3837 831; baseline -0.002 -20"><span class='ocrx_word' id='word_1_323' title='bbox 61 802 69 811; x_wconf 90' lang='lat'><em>.</em></span> <span class='ocrx_word' id='word_1_324' title='bbox 92 798 127 816; x_wconf 79' lang='grc'><strong>..</strong></span> <span class='ocrx_word' id='word_1_325' title='bbox 142 802 173 814; x_wconf 82' lang='grc'><strong>..</strong></span> <span class='ocrx_word' id='word_1_326' title='bbox 193 757 3837 831; x_wconf 43' lang='grc' dir='ltr'><strong>ωμ.“*ωΜΜΜ-“Μωωῴὰυῷψαέ</strong></span> 
     </span>
    </p>
   </div>
   <div class='ocr_carea' id='block_1_4' title="bbox 3078 1700 3161 1724">
    <p class='ocr_par' dir='ltr' id='par_1_4' title="bbox 3078 1700 3161 1724">
     <span class='ocr_line' id='line_1_37' title="bbox 3078 1700 3161 1724; baseline 0 -4"><span class='ocrx_word' id='word_1_327' title='bbox 3078 1700 3161 1724; x_wconf 37' lang='lat' dir='ltr'><em>Q</em></span> 
     </span>
    </p>
   </div>
   <div class='ocr_carea' id='block_1_5' title="bbox 3834 45 3838 936">
    <p class='ocr_par' dir='ltr' id='par_1_5' title="bbox 3834 45 3838 936">
     <span class='ocr_line' id='line_1_38' title="bbox 3834 45 3838 936; baseline 0 0"><span class='ocrx_word' id='word_1_328' title='bbox 3834 45 3838 936; x_wconf 95' lang='lat' dir='ltr'><strong> </strong></span> 
     </span>
    </p>
   </div>
  </div>
 </body>
</html>
