3867 6400
1666 1260 1811 1308 ROB
1840 1259 2201 1308 SORGBRY*
2524 1255 2530 1262 ’
2692 1284 2699 1292 ·
2716 1289 2721 1294 ψ
2760 1256 2771 1268 ’
3087 1245 3145 1307 Ε

605 1418 608 1420 ’
719 1407 982 1496 aliquod
1035 1403 1432 1476 sutenticum
1505 1409 1632 1476 sub
1695 1410 1904 1498 sigillo
1955 1411 2041 1477 sd
2092 1409 2219 1476 hoc
2276 1407 2646 1476 faciendum
2668 1409 2738 1475 ?”
2843 1405 2987 1476 Qui
3036 1431 3147 1476 re·

720 1509 1020 1596 spondit=
1061 1514 1104 1548 “
1135 1509 1394 1591 Habeo,
1424 1510 1716 1577 domine.
1713 1512 1760 1546 ”
1849 1511 1945 1577 Et
1972 1511 2188 1576 statim
2234 1511 2533 1598 protulit,
2578 1521 2647 1577 et
2672 1509 2987 1598 episcopo
3014 1535 3143 1600 op-

719 1610 875 1678 tulit
935 1635 1128 1678 uuam
1199 1613 1520 1694 cedulam,
1581 1613 1795 1698 sigillo
1855 1613 2105 1679 domini
2158 1613 2435 1678 Arnaldi
2506 1611 2872 1699 sigillatum,
2943 1616 3137 1702 cujus

721 1714 1036 1801 scriptura
1079 1716 1190 1802 huj
1199 1738 1275 1782 us
1321 1725 1502 1782 erat.
1548 1718 2041 1802 “Praeceptum
2070 1724 2170 1782 est
2208 1714 2521 1781 servienti
2550 1715 2633 1781 de
2660 1714 2928 1783 Ouerke
2957 1717 3139 1804 quod

721 1817 934 1904 capiat
975 1839 1204 1904 corpus
1255 1816 1471 1882 fratris
1521 1817 1788 1882 Ricsrdi
1837 1817 1920 1883 de
1958 1817 2322 1897 Leddrede,
2374 1816 2664 1904 episcopi
2708 1817 3143 1900 Ossoriensis‚

721 1939 874 1984 cum
923 1919 1219 1986 omnibus
1263 1917 1458 1985 bonis
1510 1919 1654 1984 suis
1705 1927 1773 1985 et
1812 1918 2083 1999 catallis,
2122 1927 2191 1983 et
2233 1917 2399 1983 illud
2448 1917 2729 2005 prisonae
2762 1918 3139 1988 Kilkenniae

723 2018 866 2087 sine
914 2021 1214 2089 dilatione
1258 2021 1517 2090 liberari
1564 2021 1824 2089 faciut-’⁹
1913 2021 2132 2090 Quam
2172 2019 2471 2086 cedulam
2498 2020 2744 2107 ‚legens
2792 2021 3143 2109 episcopus

721 2123 978 2209 publice
1005 2146 1216 2190 coram
1246 2122 1578 2204 omnibus,
1605 2123 1762 2189 licet
1786 2122 2089 2189 notitiem
2116 2123 2277 2188 satis
2306 2121 2578 2189 haberet
2600 2122 2814 2210 sig-illi,
2838 2123 3141 2210 quaesivit

724 2233 944 2292 tamen
984 2249 1023 2290 a
1059 2224 1638 2292 circumstantibus
1679 2225 1738 2290 si
1782 2246 2014 2291 omnes
2066 2225 2255 2312 sigilli
2304 2225 2407 2290 sui
2452 2225 2770 2292 haberent
2818 2223 3145 2294 notitiam,
3220 2257 3229 2262 ·

725 2327 902 2414 quod
956 2327 1256 2394 omnibus
1304 2326 1570 2416 publice
1605 2327 1876 2395 tradidit
1920 2327 2495 2396 circumstantibus
2540 2327 2627 2392 ad
2666 2327 3020 2414 legendum
3066 2338 3143 2394 et

725 2425 1215 2516 inspiciendum.
1305 2429 1440 2498 Qui
1476 2451 1713 2497 omnes
1757 2429 2041 2518 sigillum
2081 2441 2317 2496 notum
2361 2440 2852 2516 cognoscentes,
2888 2451 3155 2496 usseru-

727 2542 918 2598 erunt
944 2533 1220 2618 sigillum
1247 2553 1396 2600 esse
1416 2530 1580 2598 dicti
1613 2531 1862 2598 domini
1903 2542 1975 2598 et
2016 2554 2283 2598 manum
2326 2531 2672 2598 scribentis
2702 2552 2848 2597 esse
2892 2541 3141 2598 notum.

731 2633 861 2700 cui
903 2634 1224 2700 serviensz
1269 2639 1316 2673 ‘⁶
1345 2633 1703 2718 Creditis,”
1745 2635 1983 2723 inquit,
2026 2640 2069 2675 ‘⁸
2100 2635 2365 2703 domine
2412 2635 2742 2722 episcope,
2791 2635 2991 2726 quod⁴
3018 2657 3144 2702 nos
3278 2663 3306 2672 -

729 2737 1274 2804 falsificaverimus
1335 2737 1626 2825 sigillum
1675 2738 1928 2805 domini
1957 2737 2251 2820 Amaldi,
2284 2739 2393 2804 vel
2442 2747 2578 2802 tam
2621 2737 2900 2802 arduum
2944 2760 3147 2824 nego-

729 2839 897 2904 tium
925 2839 1176 2926 aggredi
1195 2839 1473 2906 velimus
1506 2841 1653 2906 sine
1682 2851 2009 2928 proecepto
2028 2850 2096 2906 et
2121 2837 2479 2920 autentico,
2506 2839 2788 2905 maxime
2818 2861 2973 2905 cum
3000 2838 3145 2905 sitis

733 2941 1069 3028 episcopus
1121 2951 1190 3008 et
1239 2941 1550 3008 dominus
1613 2965 1822 3024 meus,
1867 2952 1941 3009 ct
1984 2965 2103 3030 ego
2152 2933 2375 3010 vester
2419 2941 2824 3024 domicellus,
2874 2950 3147 3030 portans

731 3044 923 3111 robus
960 3054 1208 3110 vestras
1231 3044 1303 3111 ?''
1393 3043 1524 3110 cui
1561 3045 1911 3132 episcopus
1934 3069 1955 3111 ε
2017 3050 2059 3084 “
2082 3047 2263 3127 Non,
2292 3045 2431 3128 fili,
2470 3045 2587 3112 sed
2623 3044 2903 3110 arduum
2948 3065 3146 3130 nego·

731 3147 917 3230 tium,
933 3157 1008 3214 ut
1022 3146 1206 3229 dicis,
1227 3169 1570 3235 aggressus
1601 3139 1695 3230 es,
1712 3147 1876 3216 etin
1905 3149 2122 3215 arduis
2144 3157 2409 3236 oportet
2428 3146 2879 3214 testimonium
2908 3145 3143 3213 habere

727 3249 1051 3317 veritatise
1097 3250 1224 3317 scis
1265 3252 1404 3332 tu‚”
1449 3250 1690 3337 inquit,
1732 3254 1774 3287 ‘⁸
1803 3249 1920 3331 fili,
1964 3249 2049 3316 ob
2086 3272 2287 3337 quam
2328 3272 2591 3315 causam
2633 3248 2943 3316 dominus
2984 3257 3137 3315 tuus

730 3351 858 3418 hoc
897 3350 1012 3417 tibi
1052 3351 1236 3417 dedit
1271 3350 1343 3417 in
1381 3352 1712 3417 mandatis
1735 3352 1808 3418 P’
1897 3351 2033 3421 Qui
2076 3350 2453 3438 responditz
2518 3354 2563 3389 “
2594 3349 2814 3431 Certe,
2858 3350 3144 3434 domine,

733 3476 904 3534 non3
945 3453 1059 3519 sed
1099 3454 1223 3519 hac
1250 3462 1448 3520 nocte
1476 3453 1652 3519 circs
1689 3453 1975 3521 mediam
2018 3463 2303 3535 noctem,
2330 3462 2563 3519 vocato
2592 3473 2700 3518 me
2729 3474 2952 3518 coram
2998 3452 3155 3542 ipso·

733 3566 804 3623 et
830 3554 1151 3620 willelmo
1182 3552 1485 3620 Outlswe
1511 3554 1588 3619 in
1618 3576 1872 3621 camera
1899 3577 2018 3621 sua
2058 3576 2257 3641 super
2282 3554 2549 3636 lectum,
2584 3554 2804 3641 jurare
2831 3574 2942 3619 me
2968 3575 3147 3620 com·

736 3658 903 3746 pulit
929 3656 1113 3723 tactis
1158 3654 1602 3722 saerosanctis·
1621 3656 1800 3743 quod
1841 3678 1966 3744 ego
1993 3657 2119 3722 ists
2145 3657 2427 3723 facerem
2473 3666 2543 3722 et
2582 3654 2750 3721 nulli
2779 3655 3149 3741 detegerem

737 3760 940 3831 donec
977 3781 1172 3847 opere
1219 3759 1551 3846 completa
1602 3761 1890 3827 essent.”
1981 3759 2109 3826 Cui
2166 3759 2552 3848 episcopum
2612 3764 2662 3798 “
2690 3760 2786 3827 Et
2840 3780 2988 3842 nos,
3033 3760 3149 3843 fili,

738 3886 987 3930 causam
1040 3862 1211 3929 bene
1261 3861 1652 3948 conjicimus
1695 3884 1818 3950 pro
1864 3885 1996 3950 qus
2040 3884 2176 3929 non
2235 3872 2493 3929 tantum
2542 3884 2865 3929 carcerem
2916 3861 3035 3928 scd
3081 3871 3151 3928 et

739 3975 1006 4032 mortem
1056 3963 1276 4030 subire
1320 3964 1539 4051 parati
1587 3986 1856 4045 sumus3
1917 3964 2101 4031 valde
2145 3973 2371 4030 tamen
2413 3964 2711 4031 dolemus
2756 3964 2841 4031 de
2880 3962 3149 4030 domino

735 4078 876 4148 tuo,
913 4066 1044 4133 filio
1087 4075 1157 4133 et
1194 4066 1404 4132 amico
1450 4075 1686 4153 nostro
1729 4064 2094 4145 karissimo,
2142 4072 2214 4131 et
2258 4064 2343 4131 de
2386 4074 2455 4131 te
2489 4064 2603 4152 qui
2652 4086 2915 4151 semper
2954 4062 3149 4131 nobis

739 4169 978 4235 amicus
1020 4167 1204 4234 fuisti
1249 4178 1320 4235 ct
1359 4168 1749 4235 domicellus
1807 4166 2124 4255 specialis,
2168 4167 2349 4254 quod
2400 4167 2493 4233 its
2536 4166 2881 4233 manifeste
2926 4175 3155 4233 contra

746 4270 1072 4337 ecclesiam
1119 4269 1480 4357 insurgitis,
1531 4279 1603 4336 et
1643 4270 1737 4336 its
1778 4268 2099 4357 profunde
2142 4266 2215 4334 in
2262 4268 2605 4335 sententiis
2632 4268 3153 4335 excommunice-

739 4372 988 4439 tionum
1004 4395 1125 4441 vos
1152 4372 1544 4439 immersitis
1573 4373 1750 4460 quod
1777 4395 1817 4439 s
1843 4372 2101 4439 nemine
2130 4370 2385 4437 absolvi
2413 4370 2689 4459 potestis
2719 4377 3151 4456 preterquam

736 4496 784 4539 s
808 4498 1077 4561 persons
1105 4475 1346 4541 summi
1375 4474 1732 4563 pontificis,
1760 4476 1874 4563 qui
1903 4483 2098 4562 caput
2112 4483 2218 4541 est
2238 4471 2527 4540 ecclesio
2553 4482 2623 4539 et
2636 4471 2915 4539 vicarius
2930 4471 3145 4539 Jhesu

747 4574 1020 4642 christi:
1065 4576 1361 4643 dolemus
1391 4576 1594 4642 etiam
1617 4576 1806 4644 valde
1834 4598 1915 4642 ex
1945 4598 2022 4642 eo
2050 4574 2230 4662 quod
2258 4584 2467 4641 totsm
2508 4582 2803 4641 nostram
2834 4571 3143 4639 diocesim

745 4676 815 4743 in
855 4676 979 4743 isto
1031 4700 1212 4745 sacro
1252 4688 1554 4765 tempore
1604 4676 2137 4765 quadragesimali
2187 4698 2305 4764 per
2337 4676 2519 4743 istud
2568 4676 2815 4742 factum
2864 4673 3157 4741 reddetis

739 4778 1158 4846 desolatum?
1246 4779 1375 4847 Cui
1427 4780 1720 4849 serviens
1741 4805 1763 4849 r
1827 4786 1872 4821 “
1901 4778 2252 4863 Domine,”
2302 4777 2539 4865 inquit,
2589 4782 2635 4818 ‘⁸
2660 4777 2991 4866 episcope,
3031 4798 3167 4845 vos
