3867 6400
1261 1237 1596 1280 Arrssunlx
1625 1238 1709 1279 ΤΟ
1739 1237 1874 1280 THE
1905 1237 2427 1281 lurnonucnort.
2942 1221 3023 1282 2¹5

549 1447 554 1452 ,
607 1392 666 1441 et
692 1382 844 1461 quod
869 1381 1169 1441 destruunt
1193 1389 1480 1438 creaturas
1521 1389 1830 1458 suggentes
1869 1380 2205 1458 sanguinem
2248 1399 2465 1450 eorum,
2508 1388 2571 1438 et
2614 1378 2771 1458 quod
2808 1378 3027 1440 faciunt

605 1479 718 1538 alia
742 1477 1016 1537 maleficis
1049 1495 1178 1554 quae
1203 1475 1406 1536 volunt
1441 1475 1750 1536 secundum
1787 1477 1999 1536 diaboli
2023 1475 2395 1545 voluntatem,
2422 1475 2576 1554 quod
2601 1483 2692 1535 est
2716 1476 2801 1536 eis
2826 1483 2889 1536 et
2912 1475 3026 1536 illis

606 1576 706 1655 qui
731 1577 813 1634 eis
839 1572 1076 1632 credunt.
1099 1592 1310 1650 magna
1333 1572 1589 1652 deceptio
1613 1582 1676 1634 et
1699 1574 1892 1634 illusio
1915 1573 2145 1632 diaboli.
2214 1572 2441 1632 Veritas
2468 1581 2659 1631 autem
2684 1571 2861 1651 hujus
2886 1572 3027 1632 ficti

603 1682 715 1742 est,
754 1669 907 1750 quod
946 1668 1172 1748 quando
1207 1669 1332 1727 istun
1375 1669 1540 1729 malm
1584 1689 1849 1748 persona,
1885 1668 2089 1728 volunt
2130 1669 2217 1726 uti
2259 1667 2350 1727 his
2384 1669 2647 1746 pessimis
2684 1667 3026 1738 fictionibus,

604 1772 937 1828 consecrant
963 1782 1025 1822 se
1049 1781 1182 1820 cum
1207 1761 1396 1820 verbis
1433 1771 1494 1821 et
1527 1763 1892 1822 unctionibus
1933 1761 2179 1832 diabolo,
2215 1770 2277 1822 et
2311 1764 2505 1822 statim
2540 1763 2799 1822 diabolus
2824 1764 3028 1842 recipit

602 1882 701 1923 eos
739 1863 799 1920 in
841 1878 1010 1936 opere
1051 1877 1174 1925 suo,
1219 1866 1281 1917 et
1321 1857 1526 1936 accipit
1560 1857 1806 1936 figuram
1839 1877 2037 1918 earum
2063 1867 2123 1918 et
2146 1858 2452 1920 fantasiam
2476 1859 2783 1938 cujuslibet
2806 1853 3025 1930 eumin,

603 1959 867 2036 ducitque
901 1955 1027 2014 illas
1053 1973 1156 2034 per
1179 1955 1281 2014 illa
1302 1955 1431 2014 locs
1455 1975 1558 2033 per
1583 1975 1714 2032 quae
1741 1955 2157 2027 desiderabant,
2182 1976 2423 2035 corpora
2448 1977 2587 2016 vero
2616 1977 2815 2016 earum
2842 1977 3026 2016 rems·

601 2063 741 2115 nent
775 2054 896 2112 sine
938 2051 1129 2129 aliqua
1169 2051 1557 2120 sensibilitate,
1593 2059 1654 2110 et
1680 2050 1934 2130 cooperit
1960 2051 2061 2111 illa
2093 2051 2352 2111 diabolus
2378 2053 2583 2111 umbra
2608 2072 2730 2122 sua,
2758 2052 2839 2111 ita
2869 2051 3027 2130 quod

546 2209 551 2214 .
600 2152 792 2212 nullus
815 2149 916 2208 illa
940 2147 1131 2208 videre
1147 2147 1347 2226 possit.
1403 2146 1483 2206 Et
1509 2167 1642 2206 cum
1659 2146 1918 2206 diabolus
1947 2147 2102 2207 videt
2124 2148 2183 2206 in
2209 2148 2471 2208 fantasiis
2498 2167 2712 2217 carum,
2740 2147 2896 2226 quod
2916 2148 3025 2206 im·

599 2250 892 2330 pleverant
911 2264 1040 2323 quoe
1061 2243 1345 2314 volebant,
1363 2262 1478 2302 non
1497 2243 1874 2302 ammovendo
1894 2245 1969 2304 ab
1989 2263 2185 2304 esrum
2202 2245 2701 2324 imaginationibus
2716 2245 3025 2305 diabolicas
3148 2241 3155 2247 ’

600 2345 870 2406 fantasias
907 2359 1102 2400 earum
1128 2358 1259 2418 qun
1286 2338 1569 2411 viderunt,
1605 2339 1829 2400 reducit
1863 2341 1993 2400 illas
2028 2342 2481 2420 imaginationes,
2512 2343 2865 2421 conjungens
2890 2360 3024 2401 cum

600 2441 718 2502 suis
737 2438 977 2518 propriis
997 2436 1242 2496 motibus
1262 2445 1323 2495 et
1339 2437 1691 2515 corporibus,
1711 2445 1772 2497 et
1798 2436 1951 2497 tollit
1968 2438 2227 2498 umbram
2246 2459 2409 2498 suam
2428 2439 2671 2518 desuper
2690 2436 3023 2517 corporibus

598 2555 810 2605 earum,
837 2543 896 2594 et
934 2533 1126 2592 statim
1151 2531 1344 2592 videre
1375 2541 1653 2611 possunt3
1690 2532 1995 2592 existentis
2018 2541 2211 2592 tamen
2234 2533 2465 2594 illorum
2490 2553 2785 2610 nunquam
2809 2532 2884 2592 ab
2920 2531 3023 2592 ino

599 2635 727 2694 loco
753 2633 955 2691 absens
981 2629 1109 2701 fuit,
1135 2627 1238 2688 sed
1266 2627 1452 2687 solum
1477 2629 1625 2688 ectio
1647 2647 1781 2688 cum
1805 2626 1963 2686 idola
1984 2635 2045 2686 et
2058 2627 2303 2686 fantasia
2315 2627 2677 2690 fueruntillis
2692 2629 2864 2686 rebus
2890 2647 3021 2706 qun

597 2727 852 2790 diabolus
877 2728 960 2786 eis
985 2725 1351 2807 praesentavit
1373 2733 1436 2784 et.
1453 2744 1582 2803 qum
1609 2723 1748 2784 fecit
1773 2742 1878 2802 pro
1898 2722 2156 2802 quolibet
2180 2742 2397 2782 eorum.
2468 2723 2548 2784 Et
2574 2723 2730 2802 quod
2754 2723 2866 2783 boc
2884 2725 3025 2785 fecit

596 2825 851 2888 diabolus
877 2845 997 2884 non
1019 2832 1111 2883 est
1135 2823 1361 2892 mirum,
1383 2823 1518 2901 quia
1542 2821 1642 2880 ills
1657 2829 1924 2899 operatur
1939 2829 2007 2880 ut
2022 2819 2276 2881 derideat
2298 2821 2537 2880 miseras
2562 2821 2802 2891 animas,
2821 2821 3023 2882 volens

594 2922 800 2984 imitari
825 2940 896 2981 es
920 2939 1048 2998 quae
1070 2919 1234 2978 Deus
1259 2917 1552 2976 verissime
1577 2936 1684 2995 per
1707 2915 1945 2995 angelos
1970 2917 2153 2976 bonos
2180 2915 2334 2988 fecit,
2362 2915 2513 2976 sicut
2536 2915 2767 2995 quando
2793 2915 3025 2976 deducit

596 3019 834 3080 Abacuc
879 3013 1214 3094 prophetam
1266 3033 1371 3094 per
1415 3013 1696 3094 pupillum
1743 3011 1816 3074 de
1864 3013 2055 3076 Judes
2104 3015 2165 3074 in
2212 3013 2549 3074 Babilonem
2588 3014 2838 3085 realiter,
2884 3033 3022 3074 curn

593 3135 699 3176 sus
738 3112 968 3194 propris
1008 3109 1308 3170 existentis
1347 3119 1410 3170 et
1452 3111 1692 3171 actione.
1777 3110 1894 3172 Sed
1938 3110 2109 3190 quod.
2132 3110 2390 3170 diabolus
2428 3111 2637 3171 habeat
2678 3119 3021 3190 potestatem

591 3209 847 3273 mutandi
897 3208 1254 3269 existentiam
1301 3208 1539 3286 alicujus
1587 3216 1881 3276 emtum,
1931 3228 2038 3267 nec
2082 3207 2271 3267 facere
2324 3206 2483 3286 quod
2534 3215 2790 3267 transeat
2840 3227 3021 3267 unum

593 3328 798 3387 corpus
840 3325 942 3386 per
981 3304 1138 3364 aliud
1173 3304 1296 3364 sine
1323 3304 1530 3363 damno
1557 3303 1726 3363 unius
1753 3302 1846 3363 vel
1873 3303 2192 3374 amborum,
2230 3302 2324 3361 vel
2363 3302 2521 3381 quod
2551 3310 2811 3363 transcat
2835 3305 3022 3383 majus

593 3425 797 3484 corpus
833 3424 936 3483 per
963 3402 1208 3483 spatium
1233 3402 1804 3481 improportionatnm
1839 3399 1989 3471 loco,
2030 3408 2098 3459 ut
2132 3400 2397 3460 videlicet
2436 3399 2592 3478 quod
2630 3400 3024 3479 ingrediantur

591 3503 735 3563 tales
760 3502 1016 3581 person'oe
1043 3519 1146 3578 per
1169 3518 1347 3579 parva
1371 3498 1654 3558 foramina
1679 3497 1999 3569 domorum,
2020 3496 2113 3557 vel
2140 3496 2296 3575 quod
2316 3497 2393 3556 sit
2412 3496 2581 3556 simul
2607 3517 2788 3557 unum
2814 3516 3021 3577 corpus

591 3601 652 3659 in
679 3596 914 3657 diversis
937 3594 1098 3665 locis,
1117 3593 1210 3654 vel
1230 3594 1456 3653 diversa
1479 3593 1541 3669 in
1567 3612 1705 3664 uno,
1731 3601 1793 3653 et
1819 3592 2041 3664 similia,
2068 3591 2193 3653 boec
2220 3592 2506 3653 demones
2530 3594 2721 3653 fecere
2746 3613 2862 3653 non
2888 3613 3023 3674 pos-

592 3702 744 3763 sunt,
770 3712 902 3752 cum
926 3691 1052 3749 h'aec
1077 3697 1398 3767 repugnant
1421 3688 1665 3747 naturali
1691 3686 2083 3767 philosophia,
2110 3697 2171 3748 et.
2189 3688 2374 3749 solum
2400 3709 2504 3769 per
2528 3690 2805 3749 miracula
2827 3689 3021 3769 aliqua

593 3791 730 3852 talis
770 3808 809 3848 a
842 3786 974 3847 Deo
1022 3792 1159 3843 sunt
1200 3783 1492 3862 possibilis
1532 3784 1675 3854 fieri,
1719 3793 1785 3843 ut
1825 3783 2041 3843 dictum
2084 3784 2198 3845 fuit
2240 3804 2412 3865 supra
2464 3785 2915 3846 consideratione
2960 3804 3021 3845 v.

591 3889 763 3966 hujus
786 3884 939 3955 libri,
966 3900 1098 3941 cum
1126 3881 1198 3940 de
1223 3889 1504 3961 potestate
1537 3880 1861 3941 daemonum
1899 3891 2185 3959 ageretur.
2265 3882 2421 3944 Illud
2463 3892 2656 3943 tamen
2700 3883 2858 3963 quod
2899 3882 3018 3942 dia-

591 3985 758 4047 bolus
785 3980 969 4060 potuit
1006 3979 1195 4037 facere
1219 3987 1328 4048 est,
1366 3976 1522 4055 quod
1545 3997 1726 4036 unum
1751 3998 1859 4057 pro
1881 3978 2065 4038 altero
2091 3978 2365 4051 videatur,
2402 3988 2463 4039 et
2486 3979 2644 4060 quod
2680 3978 2825 4039 illud
2861 3976 3018 4057 quod

593 4089 798 4141 natm-a
831 4076 1018 4157 potuit
1041 4074 1230 4133 facere
1255 4074 1316 4131 in
1343 4092 1460 4132 uno
1485 4091 1681 4132 mense
1717 4073 1838 4151 ipse
1873 4074 2062 4152 potuit
2095 4072 2283 4154 facere
2316 4074 2378 4134 in
2422 4084 2655 4154 puncto.
2694 4148 2703 4157 .
2736 4066 2821 4135 Et
2845 4094 3018 4137 cause

592 4186 683 4240 est
722 4176 856 4256 quia
892 4172 1000 4233 scit
1035 4171 1317 4251 applicare
1351 4170 1539 4229 activa
1564 4169 1822 4249 passivis,
1861 4170 2008 4229 sicut
2032 4178 2189 4249 patet
2214 4171 2271 4229 in
2298 4169 2397 4259 his·
2419 4190 2549 4249 quae
2575 4171 2838 4231 fecerunt
2862 4170 3017 4249 msgi

595 4272 927 4337 Pharaonis.
1009 4267 1181 4335 Quod
1221 4276 1412 4325 tamen
1453 4265 1713 4325 diabolus
1751 4264 1927 4325 faciat
1968 4265 2122 4345 quod
2160 4286 2308 4351 unus
2348 4266 2523 4327 bomo
2564 4276 2931 4328 convertetur
2954 4266 3016 4326 in

595 4378 931 4451 serpentem,
958 4365 1052 4425 vel
1078 4384 1260 4434 avem,
1287 4361 1380 4422 vel
1407 4361 1678 4441 plantem,
1703 4361 1816 4421 boc
1851 4372 1944 4421 est
1979 4363 2088 4423 sibi
2126 4364 2506 4443 impossibile3
2543 4373 2604 4424 et
2638 4365 2769 4424 ideo
2802 4364 2863 4422 in
2904 4362 3017 4422 boc

593 4466 756 4529 multi
781 4461 1034 4545 perversi
1052 4456 1343 4519 christiani
1367 4456 1716 4516 alchemistae
1743 4464 1879 4516 sunt
1897 4456 2137 4536 decepti,
2161 4456 2438 4519 babentes
2464 4465 2630 4539 pects
2654 4479 2788 4519 cum
2804 4457 3017 4517 daemo-

593 4566 777 4633 nibus,
803 4560 1119 4637 cogitantes
1145 4553 1300 4634 quod
1320 4572 1422 4631 per
1448 4572 1646 4612 eorum
1671 4561 1854 4611 artem
1874 4551 2091 4611 ferrum
2118 4562 2455 4613 convertent
2479 4555 2539 4613 in
2565 4574 2789 4615 surum.
2840 4552 3013 4621 Quod

593 4669 780 4721 sutem
806 4674 922 4715 uns
956 4672 1050 4713 res
1077 4654 1153 4711 sit.
1177 4660 1238 4710 et
1265 4650 1522 4710 videatur
1547 4649 1745 4719 alters,
1783 4649 1894 4709 hoc
1929 4650 2077 4709 bene
2112 4658 2301 4729 potest
2342 4651 2601 4712 diabolus
2641 4652 2851 4722 facere,
2880 4650 3013 4710 Deo

592 4754 968 4835 permittente.
1055 4748 1149 4807 Sic
1169 4748 1322 4807 enim
1350 4766 1498 4824 saepe
1525 4746 1664 4805 facit
1683 4743 1963 4815 diabolus,
1992 4754 2057 4804 ut
2092 4744 2365 4824 plurimos
2393 4746 2653 4825 decipiet.
2739 4747 2833 4809 Sic
2859 4746 3013 4806 enim

673 4866 883 4911 CAnn.
913 4863 1045 4907 800·
2550 4864 2602 4921 e
