3867 6400
979 1794 984 1800 '
1113 1789 1640 1855 NARRATIVE
1684 1792 1796 1854 01²
1823 1792 2003 1852 THE
2046 1789 2653 1852 PROCEEDINGS

1740 1978 2040 2022 nemun·

801 2155 1294 2249 DAME
1411 2155 1977 2249 ALICE
2112 2084 3183 2251 KYTELER'·

1535 2377 1726 2447 FOR
1768 2373 2226 2443 SORCERY.

1735 2557 1872 2608 A».
1897 2557 2049 2619 1³24.

663 2907 1030 2974 'Pleuronia
1057 2908 1260 2996 hujus
1287 2933 1479 3000 papae
1511 2911 1584 2999 [J
1585 2913 1864 2980 ohannis
1897 2914 2011 2999 22]
2042 2909 2459 2998 contigerunt
2482 2906 2554 2973 in
2584 2903 2932 2994 Hybemia
2958 2923 3111 2992 quae

667 3019 1046 3097 sequuntur.
1151 3011 1482 3080 Visitante
1539 3013 1898 3100 venerabili
1956 3023 2143 3102 patre
2198 3015 2396 3079 fratre
2448 3009 2731 3076 Ricardo
2790 3006 3105 3095 episcopo

669 3111 1040 3179 Ossoriensi
1085 3135 1274 3180 suam
1305 3115 1644 3195 diocesim,
1677 3117 1931 3183 invenit
1958 3139 2077 3206 per
2103 3113 2596 3203 inquisitionem
2640 3111 3005 3190 solennem,
3032 3109 3105 3174 in

666 3238 794 3302 qua
823 3225 1008 3280 erent
1052 3216 1340 3302 quinque
1393 3218 1636 3285 milites
1687 3228 1758 3286 et
1799 3220 1910 3285 alii
1956 3218 2213 3285 nobiles
2256 3217 2329 3283 in
2380 3237 2617 3302 magne
2656 3212 3106 3295 multitudine,

667 3316 842 3404 quod
881 3317 951 3383 in
995 3317 1258 3383 civitate
1301 3319 1681 3387 Kilkenniae
1710 3331 1898 3388 erant
1939 3345 1982 3387 a
2025 3320 2280 3409 magnis
2326 3317 2736 3407 temporibus
2774 3324 2849 3383 et
2884 3316 3103 3382 adhue

667 3428 827 3485 sunt
845 3418 1131 3485 haeretici
1161 3422 1483 3508 sortilegae
1508 3424 1949 3513 quamplures,
1973 3424 2247 3491 diversis
2275 3432 2539 3490 utentes
2561 3419 2932 3508 sortilegiis,
2954 3440 3103 3506 quoe

672 3520 1016 3609 sapiebant
1045 3522 1336 3589 diversas
1362 3524 1672 3608 haereses,
1701 3526 1786 3592 ad
1816 3549 2097 3615 quorum
2135 3520 2704 3613 investigationem
2736 3522 3105 3611 procedens

671 3624 1016 3713 episcopus
1075 3634 1276 3713 prout
1330 3648 1417 3693 ex
1459 3614 1659 3695 oflicii
1711 3628 2007 3716 [debtho
2050 3628 2419 3711 tenebatur,
2476 3626 2729 3695 invenit
2770 3626 3107 3713 quandam

665 3726 998 3794 dominam
1047 3728 1339 3812 divitem,
1392 3753 1539 3818 quoe
1584 3742 1860 3799 vocatur
1903 3732 2170 3799 domina
2218 3732 2431 3799 Micia
2476 3730 2777 3820 Kyteler,
2820 3716 3105 3795 matrem'

663 3829 980 3895 willelmi
1019 3830 1344 3913 Oudawe,
1397 3854 1549 3899 eum
1597 3835 1736 3901 suis
1801 3836 2030 3902 multis
2088 3833 2445 3913 sodalibus,
2490 3830 2855 3900 haeresibus
2899 3826 3102 3899 viriis

663 3932 1000 3999 irretitam.
1091 3932 1312 3999 Primo
1364 3934 1636 4017 scilieet,
1683 3940 1860 4024 quod
1908 3938 1995 4003 ad
2042 3935 2473 4003 obtinendum
2519 3934 2777 4001 intenta
2822 3955 2944 4021 per
2982 3956 3106 3999 sua

665 4034 910 4101 nefaria
953 4034 1300 4120 sortilegia,
1329 4035 1529 4103 fidem
1562 4036 1813 4103 Christi
1841 4047 1913 4104 et
1942 4036 2232 4104 ecclesiae
2262 4033 2673 4123 abnegabant
2698 4056 2784 4100 ex
2810 4044 2955 4100 toto
2982 4056 3111 4123 per

666 4158 960 4204 mensem
987 4136 1095 4203 vel
1139 4160 1258 4224 per
1285 4161 1555 4221 annum,
1599 4141 1963 4207 secundum
1993 4139 2171 4227 quod
2214 4138 2649 4207 obtinendum
2693 4158 2817 4226 per
2848 4136 3105 4207 sortile-

666 4238 846 4327 gium
878 4250 1019 4306 erat
1047 4242 1260 4327 majus
1289 4240 1396 4309 vel
1439 4242 1682 4323 minus,
1712 4242 1806 4307 ita
1834 4240 2014 4328 quod
2045 4241 2321 4306 durante
2348 4240 2463 4306 illo
2494 4248 2789 4327 tempore
2816 4237 2890 4305 in
2918 4240 3105 4307 nullo

668 4342 1007 4409 crederent
1034 4344 1212 4430 quod
1259 4344 1532 4410 ecclesia
1573 4344 1804 4425 eredit,
1848 4365 1971 4410 nec
2000 4365 2241 4431 corpus
2272 4342 2521 4408 Christi
2572 4340 2919 4409 adorarent
2962 4343 3103 4409 ullo

668 4446 889 4527 modo,
932 4467 1053 4512 nec
1081 4446 1421 4531 ecclesiam
1465 4446 1808 4528 intrarent,
1849 4468 1975 4513 nec
2018 4446 2287 4512 missam
2331 4444 2651 4526 audirent,
2692 4465 2819 4510 nec
2862 4466 3105 4531 panem

670 4557 1002 4613 sumerent
1055 4545 1476 4615 benedictum
1533 4572 1660 4617 nec
1710 4572 1945 4637 aquam
2002 4546 2440 4615 benedictam.
2534 4544 2872 4626 Secundo,
2920 4538 3105 4633 quod

671 4648 980 4714 sacrificia
1017 4648 1265 4717 dabant
1293 4650 1706 4718 daemonibus
1756 4651 1828 4717 in
1873 4648 2267 4717 animalibus
2308 4648 2500 4730 vivis,
2544 4669 2691 4735 quoe
2718 4646 3106 4714 dividebant

671 4749 1084 4819 membratim
1131 4762 1200 4817 et
1227 4754 1591 4822 offerebant
1637 4752 2089 4823 distribuendo
2128 4752 2198 4819 in
2238 4750 2617 4840 quadruviis
2659 4750 2923 4818 cuidam
2966 4751 3111 4819 ‹1ae-

759 4872 989 4921 οΑιιυ.
1019 4872 1172 4922 soo.
1663 4916 1672 4923 .
1783 4874 1788 4879 ’
2702 4874 2753 4920 Β
