3867 6400
759 1365 837 1426 14
1082 1378 1594 1427 rnocnnnmcs
1626 1379 1951 1425 Ασᾼικεί·
1982 1380 2449 1427 vantsumu
2484 1381 2827 1448 uxr-ranna

750 1537 1117 1597 reverenter
1143 1528 1413 1595 elevans
1435 1549 1674 1616 corpus
1707 1527 1979 1610 Christi,
2008 1527 2245 1616 petivit
2286 1549 2327 1594 a
2356 1531 2733 1612 senescallo,
2772 1528 3175 1618 justiciario;.

751 1630 1152 1710 vicecomite,
1203 1639 1274 1696 et
1320 1627 1604 1711 ballivis,
1655 1631 1833 1716 quod
1877 1629 1966 1696 ob
2016 1630 2447 1698 reverentiam
2496 1643 2565 1698 et
2592 1655 2879 1699 amorem
2912 1632 3159 1699 Christi

751 1755 944 1821 quem
989 1730 1256 1798 tenebat
1283 1731 1350 1796 in
1405 1731 1733 1814 manibus,
1764 1731 2095 1799 audientia
2138 1733 2207 1798 in
2253 1757 2449 1800 causa
2478 1735 2631 1802 fidei
2674 1735 2801 1801 sibi
2844 1735 3158 1802 concede-

747 1846 946 1901 retur.
1043 1834 1124 1900 In
1183 1856 1376 1922 quem
1438 1834 1653 1900 dictus
1712 1835 2017 1901 dominus
2075 1836 2405 1902 Arnaldus
2466 1838 2858 1904 senescallus
2931 1836 3155 1903 multis

749 1935 1114 2025 obprobriis
1159 1945 1228 2002 et
1255 1935 1598 2022 vituperiis
1641 1936 2068 2004 irreverenter
2096 1937 2317 2004 statim
2360 1937 2635 2021 irruens,
2676 1940 2861 2005 nulla
2889 1939 3156 2006 Christo

747 2039 918 2105 facta
946 2037 1304 2105 reverentia
1327 2036 1546 2104 debita
1565 2037 1671 2104 vel
1699 2038 1971 2120 honore,
1992 2060 2142 2104 cum
2172 2061 2410 2126 magno
2432 2039 2755 2128 vituperio
2776 2052 2847 2108 et
2873 2041 3166 2107 clamore·

748 2149 817 2205 et
843 2138 1116 2206 ‘infinito
1159 2138 1387 2228 populi
1434 2138 1760 2220 scandalo,
1787 2138 2171 2226 episcopum
2201 2163 2354 2205 cum
2388 2160 2658 2227 corpore
2688 2141 2938 2208 Christi
2966 2165 3005 2208 a
3036 2165 3157 2208 sua

746 2242 1095 2329 proesentia
1121 2241 1398 2328 turpiter
1419 2238 1612 2326 ejecit
1634 2249 1703 2304 et
1723 2239 1806 2304 de
1835 2239 1983 2304 aula
2003 2238 2272 2327 fugavit.
2364 2239 2561 2308 Stans
2588 2239 2787 2327 igitur
2806 2241 3155 2329 episcopus

744 2346 815 2410 in
841 2343 1061 2411 hostio
1091 2343 1276 2424 auloe,
1305 2351 1440 2406 tam
1470 2339 1717 2407 cler-um
1748 2362 1945 2427 quam
1975 2341 2172 2406 etiam
2219 2341 2535 2428 populum
2565 2350 2781 2407 totum
2826 2342 3157 2409 invocavit

741 2447 813 2512 in
843 2444 1319 2526 testimonium,
1347 2443 1527 2531 quod
1568 2442 1638 2508 in
1669 2465 1866 2508 causa
1892 2442 2047 2509 fidei
2090 2453 2159 2510 et
2186 2441 2671 2531 expugnatione
2697 2442 3155 2510 haereticorum

645 2623 655 2631 ⁸
741 2549 869 2615 sibi
897 2558 967 2616 et
994 2546 1284 2614 ecclesioe
1312 2545 1442 2612 fuit
1467 2544 1804 2611 audientia
1828 2545 2167 2631 denegata.

825 2650 1121 2715 Tandem
1177 2647 1262 2712 ad
1315 2667 1543 2733 preces
1601 2668 1869 2733 magnas
1927 2645 2211 2713 militum
2268 2655 2339 2712 et
2394 2645 2737 2728 nobilium,
2792 2646 2946 2714 licet
3000 2669 3155 2714 cum

741 2773 974 2838 magna
1030 2749 1410 2815 difficultate
1464 2748 1596 2815 hoc
1647 2748 2079 2835 optinuerint,
2136 2748 2446 2816 reductus
2503 2757 2607 2814 est
2662 2747 3009 2836 episcopus
3066 2749 3154 2816 ad

740 2851 1155 2942 proesentiam
1202 2850 1362 2917 dicti
1414 2850 1776 2917 senescalli.
1888 2850 2107 2919 Quem
2158 2850 2391 2917 videns
2454 2850 2870 2931 senescallus,
2926 2850 3153 2916 statim

740 2954 1054 3044 praecepit
1079 2964 1159 3020 ut
1186 2953 1270 3018 ad
1293 2952 1577 3034 barram,
1621 2951 1869 3018 scilicet
1895 2951 1981 3018 ad
2016 2952 2237 3019 locum
2274 2953 2461 3019 illum
2489 2953 2835 3019 duceretur
2861 2952 2970 3018 ille
2998 2951 3149 3018 vilis

742 3055 1025 3124 rusticus
1054 3063 1402 3122 trutannus
1443 3055 1527 3122 de
1553 3054 1817 3142 Anglia,
1873 3077 2027 3122 cum
2084 3078 2203 3122 suo
2245 3057 2491 3145 hordys
2549 3079 2745 3146 quem
2801 3062 3023 3142 portat
3076 3054 3150 3121 in

735 3159 1061 3240 manibus,
1113 3157 1228 3225 ubi
1274 3168 1446 3225 stare
1491 3167 1977 3225 consueverunt
2002 3157 2287 3225 latrones
2317 3168 2388 3226 et
2420 3157 2513 3225 rei
2542 3155 2806 3246 quando
2847 3177 2970 3245 pro
3014 3155 3151 3223 suis

739 3262 996 3349 flagitiis
1027 3259 1270 3327 debent
1288 3260 1590 3347 judicari.
1681 3260 1880 3329 Quod
1903 3261 2137 3329 videns
2164 3262 2534 3350 episcopus,
2560 3259 2903 3348 respondit
2930 3282 3149 3326 coram

737 3364 1043 3431 omnibus
1085 3363 1217 3428 alta
1245 3384 1445 3431 vocet
1495 3368 1538 3405 “
1557 3364 1752 3430 Heu!
1794 3363 1929 3429 heu
1960 3364 1978 3430 ἒ
2022 3364 2154 3430 heu
2178 3365 2240 3431 !”
2287 3364 2523 3452 inquit,
2556 3367 2603 3403 “
2629 3363 2808 3452 quod
2849 3362 2934 3429 ad
2969 3362 3151 3429 hunc

739 3472 984 3533 ‘statum
1013 3465 1278 3533 devenit
1303 3466 1470 3532 fides
1502 3465 1898 3548 Christiana,
1926 3467 2107 3553 quod
2134 3466 2217 3532 ad
2243 3464 2500 3533 barram
2528 3466 2813 3531 mittitur
2842 3464 3149 3531 Christus

737 3572 821 3637 ad
851 3570 1160 3636 standum
1184 3568 1257 3635 in
1299 3590 1494 3633 causa
1536 3566 1801 3655 propria
1849 3589 2070 3633 coram
2109 3566 2331 3653 judice
2380 3568 2639 3635 mortali
2694 3567 2868 3639 inter
2924 3566 3153 3633 Chris·

737 3671 975 3752 tianos,
1017 3671 1192 3759 quod
1238 3694 1278 3736 a
1314 3668 1536 3736 seculo
1581 3692 1718 3736 non
1765 3677 1871 3735 est
1925 3667 2225 3734 auditum
2280 3678 2627 3755 postquam
2684 3668 2874 3734 stetit
2929 3690 3150 3734 coram

736 3774 1016 3861 p'raeside
1062 3774 1300 3841 Pontio
1349 3772 1599 3839 Pilato!
1693 3770 2052 3853 Domine,”
2102 3769 2319 3857 inquit
2367 3770 2736 3858 episcopus,
2796 3774 2844 3809 “
2859 3772 3149 3839 Arnalde

738 3874 1112 3956 senescalle,
1139 3896 1220 3941 ex
1247 3884 1431 3962 parte
1473 3871 1726 3939 Christi
1768 3894 1965 3959 quem
2004 3881 2305 3937 tenemus
2341 3870 2411 3937 in
2451 3869 2753 3936 manibus
2792 3880 2863 3939 et
2904 3882 3149 3941 sancta

736 3978 1024 4044 ecclesioe
1069 3976 1222 4058 Dei,
1265 3975 1660 4064 requirimus
1707 3983 1781 4043 et
1827 3994 2174 4041 monemus
2226 3984 2293 4041 te
2338 3982 2408 4041 et
2453 3973 2711 4061 judices
2758 3984 2932 4057 tuos,
2969 3974 3149 4044 vice·

735 4080 1042 4147 comitem
1069 4088 1139 4147 et
1164 4079 1465 4162 ballivos,
1492 4101 1570 4146 ac
1597 4078 1801 4146 etiam
1830 4077 2160 4158 officiales,
2180 4076 2358 4164 quod
2378 4077 2825 4166 juramentum
2853 4077 3047 4146 nobis
3076 4089 3150 4147 et

734 4180 1022 4249 ecclesiae
1042 4183 1172 4249 Dei
1200 4192 1472 4271 praestes
1499 4182 1774 4270 praecise
1802 4180 2160 4261 attendere,
2190 4178 2653 4247 inviolabiliter
2668 4178 3038 4262 observare,
3064 4204 3145 4250 ac

734 4282 946 4351 facere
974 4306 1014 4349 a
1039 4286 1172 4351 tuis
1209 4285 1488 4352 subditis
1535 4284 1888 4365 observari,
1916 4293 2063 4351 toto
2104 4294 2398 4371 tempore
2440 4282 2539 4349 tui
2581 4282 2941 4371 regiminis,
2986 4306 3145 4351 con·

736 4384 1113 4451 stitutiones
1167 4408 1286 4474 per
1337 4386 1562 4453 sedem
1621 4386 2047 4473 apostolicam
2119 4386 2564 4473 promulgatas
2621 4393 2694 4452 et
2748 4386 3143 4473 approbatas

735 4498 966 4554 contra
1009 4488 1374 4569 haereticos,
1419 4488 1786 4570 credentes,
1824 4496 2285 4573 receptatores,
2326 4488 2633 4571 fautores,
2662 4497 2734 4555 et
2773 4510 2999 4555 eorum
3028 4489 3144 4557 de·

733 4590 1049 4659 senseres.
1051 4592 1094 4621 '⁹
1182 4590 1311 4658 Cui
1368 4589 1764 4657 senescallus
1837 4588 2063 4654 statim
2118 4610 2335 4655 coram
2395 4589 2702 4656 omnibus
2758 4591 3141 4679 respondit.

734 4693 781 4729 “
810 4692 976 4759 Rem
1005 4692 1198 4757 istam
1229 4691 1350 4758 tibi
1377 4712 1715 4780 nunquam
1745 4711 1858 4756 ero
1887 4690 2200 4758 facturus.
2199 4691 2245 4725 ’⁹
2334 4690 2461 4757 Cui
2504 4692 2727 4758 statim
2770 4692 3143 4782 episcopus,

737 4813 954 4857 coram
1019 4793 1324 4859 omnibus
1382 4793 1624 4860 librum
1676 4791 2095 4859 decretalium
2151 4791 2223 4859 in
2274 4816 2472 4859 manu
2529 4804 2761 4861 tenens
2818 4792 3139 4882 apertum,

737 4898 784 4933 “
795 4893 936 4976 Tu,
933 4894 982 4931 ’³
1022 4895 1256 4983 inquit,
1299 4899 1345 4934 “
1373 4894 1562 4962 miles
1592 4916 1743 4962 cum
1789 4894 1880 4959 sis
1909 4892 2273 4981 aliqualiter
2297 4894 2613 4977 literatus,
2654 4918 2741 4963 ne
2768 4895 3137 4984 ignorantia
