<?xml version="1.0" encoding="UTF-8"?>
<!DOCTYPE html PUBLIC "-//W3C//DTD XHTML 1.0 Transitional//EN"
    "http://www.w3.org/TR/xhtml1/DTD/xhtml1-transitional.dtd">
<html xmlns="http://www.w3.org/1999/xhtml" xml:lang="en" lang="en">
 <head>
  <title>
</title>
<meta http-equiv="Content-Type" content="text/html;charset=utf-8" />
  <meta name='ocr-system' content='tesseract 3.04.00' />
  <meta name='ocr-capabilities' content='ocr_page ocr_carea ocr_par ocr_line ocrx_word'/>
</head>
<body>
  <div class='ocr_page' id='page_1' title='image "./acontemporaryna00wriggoog_0082.png"; bbox 0 0 3867 6400; ppageno 0'>
   <div class='ocr_carea' id='block_1_1' title="bbox 754 1396 2812 1454">
    <p class='ocr_par' dir='ltr' id='par_1_1' title="bbox 754 1396 2812 1454">
     <span class='ocr_line' id='line_1_1' title="bbox 754 1396 2812 1454; baseline -0.005 0"><span class='ocrx_word' id='word_1_1' title='bbox 754 1396 840 1454; x_wconf 80' lang='grc'>26</span> <span class='ocrx_word' id='word_1_2' title='bbox 1078 1403 1587 1452; x_wconf 58' lang='lat' dir='ltr'>raonis-snmus</span> <span class='ocrx_word' id='word_1_3' title='bbox 1622 1403 1941 1450; x_wconf 57' lang='lat' dir='ltr'>somus-1·</span> <span class='ocrx_word' id='word_1_4' title='bbox 1980 1404 2186 1449; x_wconf 60' lang='lat' dir='ltr'>naun</span> <span class='ocrx_word' id='word_1_5' title='bbox 2219 1403 2439 1449; x_wconf 71' lang='lat' dir='ltr'>Amce</span> <span class='ocrx_word' id='word_1_6' title='bbox 2472 1398 2812 1448; x_wconf 68' lang='lat' dir='ltr'>:tr-rama</span> 
     </span>
    </p>
   </div>
   <div class='ocr_carea' id='block_1_2' title="bbox 757 1545 3773 3733">
    <p class='ocr_par' dir='ltr' id='par_1_2' title="bbox 757 1545 3183 2562">
     <span class='ocr_line' id='line_1_2' title="bbox 757 1545 3161 1633; baseline -0.006 -7"><span class='ocrx_word' id='word_1_7' title='bbox 757 1559 900 1626; x_wconf 89' lang='lat' dir='ltr'>todi</span> <span class='ocrx_word' id='word_1_8' title='bbox 943 1579 1020 1624; x_wconf 83' lang='lat' dir='ltr'>ac</span> <span class='ocrx_word' id='word_1_9' title='bbox 1064 1555 1418 1622; x_wconf 77' lang='lat' dir='ltr'><strong>senescallo</strong></span> <span class='ocrx_word' id='word_1_10' title='bbox 1467 1553 1787 1620; x_wconf 73' lang='lat' dir='ltr'><strong>libertatis</strong></span> <span class='ocrx_word' id='word_1_11' title='bbox 1835 1553 2231 1633; x_wconf 79' lang='lat' dir='ltr'>Kilkenniae,</span> <span class='ocrx_word' id='word_1_12' title='bbox 2270 1562 2340 1618; x_wconf 90' lang='lat' dir='ltr'>et</span> <span class='ocrx_word' id='word_1_13' title='bbox 2381 1552 2621 1619; x_wconf 81' lang='lat' dir='ltr'>caeteris</span> <span class='ocrx_word' id='word_1_14' title='bbox 2674 1547 2986 1617; x_wconf 79' lang='lat' dir='ltr'>ministris</span> <span class='ocrx_word' id='word_1_15' title='bbox 3034 1545 3161 1612; x_wconf 61' lang='lat' dir='ltr'>rei-5</span> 
     </span>
     <span class='ocr_line' id='line_1_3' title="bbox 765 1650 3165 1749; baseline -0.005 -24"><span class='ocrx_word' id='word_1_16' title='bbox 765 1659 1065 1749; x_wconf 62' lang='lat' dir='ltr'>publicae,</span> <span class='ocrx_word' id='word_1_17' title='bbox 1091 1657 1164 1738; x_wconf 85' lang='lat' dir='ltr'>in</span> <span class='ocrx_word' id='word_1_18' title='bbox 1194 1658 1404 1724; x_wconf 77' lang='lat' dir='ltr'>forma</span> <span class='ocrx_word' id='word_1_19' title='bbox 1425 1657 1712 1723; x_wconf 80' lang='lat' dir='ltr'>ecclesiae</span> <span class='ocrx_word' id='word_1_20' title='bbox 1741 1655 2124 1738; x_wconf 86' lang='lat' dir='ltr'>notificavit,</span> <span class='ocrx_word' id='word_1_21' title='bbox 2146 1654 2228 1719; x_wconf 86' lang='lat' dir='ltr'>ad</span> <span class='ocrx_word' id='word_1_22' title='bbox 2257 1653 2702 1741; x_wconf 81' lang='lat' dir='ltr'>exequendum</span> <span class='ocrx_word' id='word_1_23' title='bbox 2732 1650 2910 1740; x_wconf 89' lang='lat' dir='ltr'>quod</span> <span class='ocrx_word' id='word_1_24' title='bbox 2938 1650 3021 1716; x_wconf 89' lang='lat' dir='ltr'>ad</span> <span class='ocrx_word' id='word_1_25' title='bbox 3048 1670 3165 1714; x_wconf 81' lang='lat' dir='ltr'>eos</span> 
     </span>
     <span class='ocr_line' id='line_1_4' title="bbox 762 1751 3163 1850; baseline -0.005 -22"><span class='ocrx_word' id='word_1_26' title='bbox 762 1761 1049 1850; x_wconf 83' lang='lat' dir='ltr'>pertinet</span> <span class='ocrx_word' id='word_1_27' title='bbox 1096 1760 1167 1827; x_wconf 86' lang='lat' dir='ltr'>in</span> <span class='ocrx_word' id='word_1_28' title='bbox 1221 1761 1347 1828; x_wconf 84' lang='lat' dir='ltr'>hac</span> <span class='ocrx_word' id='word_1_29' title='bbox 1397 1769 1602 1848; x_wconf 82' lang='lat' dir='ltr'>parte.</span> <span class='ocrx_word' id='word_1_30' title='bbox 1707 1760 1842 1826; x_wconf 85' lang='lat' dir='ltr'>Sed</span> <span class='ocrx_word' id='word_1_31' title='bbox 1885 1759 2017 1827; x_wconf 88' lang='lat' dir='ltr'>hiis</span> <span class='ocrx_word' id='word_1_32' title='bbox 2069 1757 2375 1824; x_wconf 86' lang='lat' dir='ltr'>omnibus</span> <span class='ocrx_word' id='word_1_33' title='bbox 2420 1779 2547 1823; x_wconf 91' lang='lat' dir='ltr'>non</span> <span class='ocrx_word' id='word_1_34' title='bbox 2598 1754 3036 1833; x_wconf 78' lang='lat' dir='ltr'>obstantibus,</span> <span class='ocrx_word' id='word_1_35' title='bbox 3091 1751 3163 1816; x_wconf 91' lang='lat' dir='ltr'>in</span> 
     </span>
     <span class='ocr_line' id='line_1_5' title="bbox 767 1853 3167 1947; baseline -0.005 -18"><span class='ocrx_word' id='word_1_36' title='bbox 767 1862 1144 1942; x_wconf 76' lang='lat' dir='ltr'>scandalum</span> <span class='ocrx_word' id='word_1_37' title='bbox 1171 1861 1326 1928; x_wconf 86' lang='lat' dir='ltr'>fidei</span> <span class='ocrx_word' id='word_1_38' title='bbox 1352 1871 1423 1928; x_wconf 89' lang='lat' dir='ltr'>et</span> <span class='ocrx_word' id='word_1_39' title='bbox 1438 1861 1724 1929; x_wconf 81' lang='lat' dir='ltr'>ecclesiae</span> <span class='ocrx_word' id='word_1_40' title='bbox 1752 1861 1948 1928; x_wconf 90' lang='lat' dir='ltr'>nimis</span> <span class='ocrx_word' id='word_1_41' title='bbox 1976 1860 2177 1928; x_wconf 87' lang='lat' dir='ltr'>libere</span> <span class='ocrx_word' id='word_1_42' title='bbox 2203 1883 2411 1947; x_wconf 89' lang='lat' dir='ltr'>usque</span> <span class='ocrx_word' id='word_1_43' title='bbox 2437 1859 2504 1925; x_wconf 88' lang='lat' dir='ltr'>in</span> <span class='ocrx_word' id='word_1_44' title='bbox 2529 1881 2815 1947; x_wconf 84' lang='lat' dir='ltr'>praesens</span> <span class='ocrx_word' id='word_1_45' title='bbox 2843 1853 3167 1944; x_wconf 88' lang='lat' dir='ltr'>permitti·</span> 
     </span>
     <span class='ocr_line' id='line_1_6' title="bbox 765 1954 3169 2052; baseline -0.005 -20"><span class='ocrx_word' id='word_1_46' title='bbox 765 1976 878 2032; x_wconf 85' lang='lat' dir='ltr'>tur</span> <span class='ocrx_word' id='word_1_47' title='bbox 904 1963 1178 2051; x_wconf 83' lang='lat' dir='ltr'>evagari.</span> <span class='ocrx_word' id='word_1_48' title='bbox 1267 1963 1454 2030; x_wconf 84' lang='lat' dir='ltr'>Fecit</span> <span class='ocrx_word' id='word_1_49' title='bbox 1491 1963 1692 2050; x_wconf 85' lang='lat' dir='ltr'>igitur</span> <span class='ocrx_word' id='word_1_50' title='bbox 1716 1963 2065 2052; x_wconf 89' lang='lat' dir='ltr'>episcopus</span> <span class='ocrx_word' id='word_1_51' title='bbox 2108 1963 2341 2030; x_wconf 88' lang='lat' dir='ltr'>eodem</span> <span class='ocrx_word' id='word_1_52' title='bbox 2384 1962 2487 2028; x_wconf 87' lang='lat' dir='ltr'>die</span> <span class='ocrx_word' id='word_1_53' title='bbox 2523 1963 2594 2028; x_wconf 86' lang='lat' dir='ltr'>in</span> <span class='ocrx_word' id='word_1_54' title='bbox 2640 1960 2855 2027; x_wconf 88' lang='lat' dir='ltr'>medio</span> <span class='ocrx_word' id='word_1_55' title='bbox 2884 1954 3169 2025; x_wconf 87' lang='lat' dir='ltr'>civitatis</span> 
     </span>
     <span class='ocr_line' id='line_1_7' title="bbox 774 2058 3169 2153; baseline -0.004 -19"><span class='ocrx_word' id='word_1_56' title='bbox 774 2067 1148 2134; x_wconf 80' lang='lat' dir='ltr'>Kilkenniae</span> <span class='ocrx_word' id='word_1_57' title='bbox 1177 2066 1396 2153; x_wconf 85' lang='lat' dir='ltr'>ignem</span> <span class='ocrx_word' id='word_1_58' title='bbox 1433 2066 1576 2132; x_wconf 85' lang='lat' dir='ltr'>fieri</span> <span class='ocrx_word' id='word_1_59' title='bbox 1603 2066 1967 2153; x_wconf 88' lang='lat' dir='ltr'>copiosum,</span> <span class='ocrx_word' id='word_1_60' title='bbox 1992 2065 2063 2132; x_wconf 92' lang='lat' dir='ltr'>in</span> <span class='ocrx_word' id='word_1_61' title='bbox 2094 2088 2224 2153; x_wconf 90' lang='lat' dir='ltr'>quo</span> <span class='ocrx_word' id='word_1_62' title='bbox 2253 2087 2460 2131; x_wconf 88' lang='lat' dir='ltr'>unum</span> <span class='ocrx_word' id='word_1_63' title='bbox 2488 2085 2737 2131; x_wconf 85' lang='lat' dir='ltr'>saccum</span> <span class='ocrx_word' id='word_1_64' title='bbox 2785 2063 3055 2150; x_wconf 88' lang='lat' dir='ltr'>plenum</span> <span class='ocrx_word' id='word_1_65' title='bbox 3085 2058 3169 2125; x_wconf 91' lang='lat' dir='ltr'>de</span> 
     </span>
     <span class='ocr_line' id='line_1_8' title="bbox 773 2159 3176 2256; baseline -0.004 -21"><span class='ocrx_word' id='word_1_66' title='bbox 773 2169 912 2236; x_wconf 86' lang='lat' dir='ltr'>suis</span> <span class='ocrx_word' id='word_1_67' title='bbox 954 2168 1309 2256; x_wconf 73' lang='lat' dir='ltr'>pixidibus,</span> <span class='ocrx_word' id='word_1_68' title='bbox 1350 2166 1749 2256; x_wconf 78' lang='lat' dir='ltr'>pulveribus,</span> <span class='ocrx_word' id='word_1_69' title='bbox 1790 2166 2164 2255; x_wconf 86' lang='lat' dir='ltr'>unguentis,</span> <span class='ocrx_word' id='word_1_70' title='bbox 2206 2167 2548 2254; x_wconf 82' lang='lat' dir='ltr'>unguibus,</span> <span class='ocrx_word' id='word_1_71' title='bbox 2574 2163 2887 2244; x_wconf 81' lang='lat' dir='ltr'>crinibus,</span> <span class='ocrx_word' id='word_1_72' title='bbox 2927 2159 3176 2240; x_wconf 86' lang='lat' dir='ltr'>herbis,</span> 
     </span>
     <span class='ocr_line' id='line_1_9' title="bbox 777 2263 3177 2354; baseline -0.004 -18"><span class='ocrx_word' id='word_1_73' title='bbox 777 2269 1132 2352; x_wconf 76' lang='lat' dir='ltr'>vermibus,</span> <span class='ocrx_word' id='word_1_74' title='bbox 1159 2279 1230 2336; x_wconf 90' lang='lat' dir='ltr'>et</span> <span class='ocrx_word' id='word_1_75' title='bbox 1255 2269 1398 2336; x_wconf 87' lang='lat' dir='ltr'>aliis</span> <span class='ocrx_word' id='word_1_76' title='bbox 1429 2269 1920 2338; x_wconf 87' lang='lat' dir='ltr'>detestabilibus</span> <span class='ocrx_word' id='word_1_77' title='bbox 1972 2269 2356 2351; x_wconf 86' lang='lat' dir='ltr'>innumeris,</span> <span class='ocrx_word' id='word_1_78' title='bbox 2399 2290 2544 2335; x_wconf 88' lang='lat' dir='ltr'>cum</span> <span class='ocrx_word' id='word_1_79' title='bbox 2586 2265 2823 2354; x_wconf 88' lang='lat' dir='ltr'>quibus</span> <span class='ocrx_word' id='word_1_80' title='bbox 2867 2263 3013 2352; x_wconf 89' lang='lat' dir='ltr'>ipsa</span> <span class='ocrx_word' id='word_1_81' title='bbox 3055 2283 3177 2328; x_wconf 82' lang='lat' dir='ltr'>sua</span> 
     </span>
     <span class='ocr_line' id='line_1_10' title="bbox 779 2367 3183 2458; baseline -0.004 -21"><span class='ocrx_word' id='word_1_82' title='bbox 779 2370 1105 2456; x_wconf 84' lang='lat' dir='ltr'>sortilegia</span> <span class='ocrx_word' id='word_1_83' title='bbox 1146 2380 1216 2437; x_wconf 90' lang='lat' dir='ltr'>et</span> <span class='ocrx_word' id='word_1_84' title='bbox 1260 2369 1387 2435; x_wconf 84' lang='lat' dir='ltr'>alia</span> <span class='ocrx_word' id='word_1_85' title='bbox 1441 2369 1896 2457; x_wconf 86' lang='lat' dir='ltr'>superstitiosa</span> <span class='ocrx_word' id='word_1_86' title='bbox 1950 2379 2454 2458; x_wconf 78' lang='lat' dir='ltr'>perpetraverat,</span> <span class='ocrx_word' id='word_1_87' title='bbox 2506 2368 2762 2457; x_wconf 89' lang='lat' dir='ltr'>publice</span> <span class='ocrx_word' id='word_1_88' title='bbox 2817 2367 2889 2432; x_wconf 88' lang='lat' dir='ltr'>in</span> <span class='ocrx_word' id='word_1_89' title='bbox 2948 2387 3069 2430; x_wconf 90' lang='lat' dir='ltr'>sua</span> <span class='ocrx_word' id='word_1_90' title='bbox 3109 2370 3183 2429; x_wconf 90' lang='lat' dir='ltr'>et</span> 
     </span>
     <span class='ocr_line' id='line_1_11' title="bbox 780 2473 1977 2562; baseline 0.003 -23"><span class='ocrx_word' id='word_1_91' title='bbox 780 2473 1076 2540; x_wconf 88' lang='lat' dir='ltr'>omnium</span> <span class='ocrx_word' id='word_1_92' title='bbox 1104 2473 1453 2562; x_wconf 82' lang='lat' dir='ltr'>proesentia</span> <span class='ocrx_word' id='word_1_93' title='bbox 1480 2473 1774 2541; x_wconf 85' lang='lat' dir='ltr'>comburi</span> <span class='ocrx_word' id='word_1_94' title='bbox 1801 2474 1977 2542; x_wconf 78' lang='lat' dir='ltr'>fecit.</span> 
     </span>
    </p>

    <p class='ocr_par' dir='ltr' id='par_1_3' title="bbox 787 2570 3778 3733">
     <span class='ocr_line' id='line_1_12' title="bbox 877 2570 3186 2664; baseline -0.003 -22"><span class='ocrx_word' id='word_1_95' title='bbox 877 2575 1205 2663; x_wconf 84' lang='lat' dir='ltr'>Sequente</span> <span class='ocrx_word' id='word_1_96' title='bbox 1256 2597 1412 2642; x_wconf 92' lang='lat' dir='ltr'>vero</span> <span class='ocrx_word' id='word_1_97' title='bbox 1463 2576 1592 2657; x_wconf 92' lang='lat' dir='ltr'>die,</span> <span class='ocrx_word' id='word_1_98' title='bbox 1650 2575 1919 2643; x_wconf 82' lang='lat' dir='ltr'>sedente</span> <span class='ocrx_word' id='word_1_99' title='bbox 1970 2576 2149 2642; x_wconf 91' lang='lat' dir='ltr'>dicto</span> <span class='ocrx_word' id='word_1_100' title='bbox 2208 2577 2513 2664; x_wconf 83' lang='lat' dir='ltr'>magistro</span> <span class='ocrx_word' id='word_1_101' title='bbox 2556 2575 2852 2642; x_wconf 88' lang='lat' dir='ltr'>Waltero</span> <span class='ocrx_word' id='word_1_102' title='bbox 2910 2570 3186 2639; x_wconf 90' lang='lat' dir='ltr'>custode</span> 
     </span>
     <span class='ocr_line' id='line_1_13' title="bbox 787 2672 3187 2765; baseline -0.003 -21"><span class='ocrx_word' id='word_1_103' title='bbox 787 2676 1126 2765; x_wconf 85' lang='lat' dir='ltr'>principali</span> <span class='ocrx_word' id='word_1_104' title='bbox 1168 2686 1238 2743; x_wconf 88' lang='lat' dir='ltr'>et</span> <span class='ocrx_word' id='word_1_105' title='bbox 1265 2677 1532 2744; x_wconf 88' lang='lat' dir='ltr'>domino</span> <span class='ocrx_word' id='word_1_106' title='bbox 1561 2677 1854 2744; x_wconf 82' lang='lat' dir='ltr'>Arnaldo</span> <span class='ocrx_word' id='word_1_107' title='bbox 1884 2677 2061 2744; x_wconf 82' lang='lat' dir='ltr'>dicto</span> <span class='ocrx_word' id='word_1_108' title='bbox 2092 2678 2445 2746; x_wconf 79' lang='lat' dir='ltr'>senescallo</span> <span class='ocrx_word' id='word_1_109' title='bbox 2471 2700 2597 2743; x_wconf 86' lang='lat' dir='ltr'>una</span> <span class='ocrx_word' id='word_1_110' title='bbox 2624 2699 2775 2744; x_wconf 87' lang='lat' dir='ltr'>cum</span> <span class='ocrx_word' id='word_1_111' title='bbox 2802 2672 3187 2742; x_wconf 84' lang='lat' dir='ltr'>vicecomite</span> 
     </span>
     <span class='ocr_line' id='line_1_14' title="bbox 787 2775 3191 2867; baseline -0.001 -23"><span class='ocrx_word' id='word_1_112' title='bbox 787 2788 859 2845; x_wconf 91' lang='lat' dir='ltr'>et</span> <span class='ocrx_word' id='word_1_113' title='bbox 895 2779 1038 2844; x_wconf 90' lang='lat' dir='ltr'>aliis</span> <span class='ocrx_word' id='word_1_114' title='bbox 1084 2801 1205 2866; x_wconf 88' lang='lat' dir='ltr'>pro</span> <span class='ocrx_word' id='word_1_115' title='bbox 1233 2778 1556 2846; x_wconf 85' lang='lat' dir='ltr'>tribunali&#39;</span> <span class='ocrx_word' id='word_1_116' title='bbox 1585 2778 1659 2845; x_wconf 86' lang='lat' dir='ltr'>in</span> <span class='ocrx_word' id='word_1_117' title='bbox 1705 2779 1866 2845; x_wconf 83' lang='lat' dir='ltr'>aula.</span> <span class='ocrx_word' id='word_1_118' title='bbox 1887 2779 2184 2866; x_wconf 84' lang='lat' dir='ltr'>judiciali</span> <span class='ocrx_word' id='word_1_119' title='bbox 2227 2801 2349 2867; x_wconf 89' lang='lat' dir='ltr'>pro</span> <span class='ocrx_word' id='word_1_120' title='bbox 2377 2777 2632 2866; x_wconf 83' lang='lat' dir='ltr'>judiciis</span> <span class='ocrx_word' id='word_1_121' title='bbox 2674 2775 3060 2856; x_wconf 87' lang='lat' dir='ltr'>reddendis,</span> <span class='ocrx_word' id='word_1_122' title='bbox 3083 2796 3191 2841; x_wconf 84' lang='lat' dir='ltr'>ac-</span> 
     </span>
     <span class='ocr_line' id='line_1_15' title="bbox 794 2877 3193 2970; baseline -0.003 -21"><span class='ocrx_word' id='word_1_123' title='bbox 794 2881 994 2949; x_wconf 86' lang='lat' dir='ltr'>cessit</span> <span class='ocrx_word' id='word_1_124' title='bbox 1021 2881 1104 2946; x_wconf 86' lang='lat' dir='ltr'>ad</span> <span class='ocrx_word' id='word_1_125' title='bbox 1133 2903 1248 2948; x_wconf 92' lang='lat' dir='ltr'>eos</span> <span class='ocrx_word' id='word_1_126' title='bbox 1287 2881 1633 2970; x_wconf 85' lang='lat' dir='ltr'>episcopus</span> <span class='ocrx_word' id='word_1_127' title='bbox 1678 2880 1876 2949; x_wconf 88' lang='lat' dir='ltr'>breve</span> <span class='ocrx_word' id='word_1_128' title='bbox 1920 2882 2173 2970; x_wconf 84' lang='lat' dir='ltr'>regium</span> <span class='ocrx_word' id='word_1_129' title='bbox 2210 2891 2479 2970; x_wconf 85' lang='lat' dir='ltr'>portans</span> <span class='ocrx_word' id='word_1_130' title='bbox 2517 2883 2587 2947; x_wconf 90' lang='lat' dir='ltr'>in</span> <span class='ocrx_word' id='word_1_131' title='bbox 2630 2880 2933 2947; x_wconf 88' lang='lat' dir='ltr'>manibus</span> <span class='ocrx_word' id='word_1_132' title='bbox 2980 2877 3193 2965; x_wconf 86' lang='lat' dir='ltr'>sigillo</span> 
     </span>
     <span class='ocr_line' id='line_1_16' title="bbox 796 2979 3197 3072; baseline -0.003 -20"><span class='ocrx_word' id='word_1_133' title='bbox 796 2983 965 3072; x_wconf 86' lang='lat' dir='ltr'>regis</span> <span class='ocrx_word' id='word_1_134' title='bbox 996 2982 1356 3065; x_wconf 78' lang='lat' dir='ltr'>inclusum,</span> <span class='ocrx_word' id='word_1_135' title='bbox 1399 2993 1634 3070; x_wconf 89' lang='lat' dir='ltr'>petens</span> <span class='ocrx_word' id='word_1_136' title='bbox 1678 3006 1830 3050; x_wconf 88' lang='lat' dir='ltr'>eum</span> <span class='ocrx_word' id='word_1_137' title='bbox 1872 2983 2186 3050; x_wconf 87' lang='lat' dir='ltr'>instantia</span> <span class='ocrx_word' id='word_1_138' title='bbox 2227 2983 2447 3051; x_wconf 88' lang='lat' dir='ltr'>debita</span> <span class='ocrx_word' id='word_1_139' title='bbox 2471 3005 2551 3050; x_wconf 87' lang='lat' dir='ltr'>ex</span> <span class='ocrx_word' id='word_1_140' title='bbox 2590 2994 2775 3070; x_wconf 80' lang='lat' dir='ltr'>parte</span> <span class='ocrx_word' id='word_1_141' title='bbox 2802 2979 3093 3048; x_wconf 83' lang='lat' dir='ltr'>ecclesiae</span> <span class='ocrx_word' id='word_1_142' title='bbox 3126 2988 3197 3045; x_wconf 84' lang='lat' dir='ltr'>et</span> 
     </span>
     <span class='ocr_line' id='line_1_17' title="bbox 800 3083 3197 3175; baseline -0.002 -22"><span class='ocrx_word' id='word_1_143' title='bbox 800 3085 1050 3153; x_wconf 89' lang='lat' dir='ltr'>domini</span> <span class='ocrx_word' id='word_1_144' title='bbox 1093 3087 1262 3173; x_wconf 88' lang='lat' dir='ltr'>regis</span> <span class='ocrx_word' id='word_1_145' title='bbox 1293 3085 1602 3152; x_wconf 75' lang='lat' dir='ltr'>dictatam</span> <span class='ocrx_word' id='word_1_146' title='bbox 1647 3108 2075 3174; x_wconf 88' lang='lat' dir='ltr'>personarum</span> <span class='ocrx_word' id='word_1_147' title='bbox 2104 3087 2473 3175; x_wconf 84' lang='lat' dir='ltr'>captionem</span> <span class='ocrx_word' id='word_1_148' title='bbox 2500 3097 2565 3153; x_wconf 90' lang='lat' dir='ltr'>et</span> <span class='ocrx_word' id='word_1_149' title='bbox 2602 3083 3197 3163; x_wconf 86' lang='lat' dir='ltr'>incarcerationem,</span> 
     </span>
     <span class='ocr_line' id='line_1_18' title="bbox 801 3185 3201 3275; baseline -0 -21"><span class='ocrx_word' id='word_1_150' title='bbox 801 3198 1000 3274; x_wconf 88' lang='lat' dir='ltr'>prout</span> <span class='ocrx_word' id='word_1_151' title='bbox 1043 3186 1114 3253; x_wconf 83' lang='lat' dir='ltr'>in</span> <span class='ocrx_word' id='word_1_152' title='bbox 1157 3187 1364 3254; x_wconf 84' lang='lat' dir='ltr'>literis</span> <span class='ocrx_word' id='word_1_153' title='bbox 1407 3187 1599 3275; x_wconf 87' lang='lat' dir='ltr'>regiis</span> <span class='ocrx_word' id='word_1_154' title='bbox 1642 3189 2035 3256; x_wconf 85' lang='lat' dir='ltr'>continetur.</span> <span class='ocrx_word' id='word_1_155' title='bbox 2124 3187 2261 3257; x_wconf 75' lang='lat' dir='ltr'>Qui</span> <span class='ocrx_word' id='word_1_156' title='bbox 2306 3188 2545 3270; x_wconf 84' lang='lat' dir='ltr'>statim,</span> <span class='ocrx_word' id='word_1_157' title='bbox 2583 3195 2847 3275; x_wconf 88' lang='lat' dir='ltr'>recepto</span> <span class='ocrx_word' id='word_1_158' title='bbox 2888 3185 3074 3254; x_wconf 87' lang='lat' dir='ltr'>brevi</span> <span class='ocrx_word' id='word_1_159' title='bbox 3116 3185 3201 3254; x_wconf 89' lang='lat' dir='ltr'>de</span> 
     </span>
     <span class='ocr_line' id='line_1_19' title="bbox 801 3289 3773 3378; baseline 0.002 -23"><span class='ocrx_word' id='word_1_160' title='bbox 801 3310 1004 3355; x_wconf 82' lang='lat' dir='ltr'>manu</span> <span class='ocrx_word' id='word_1_161' title='bbox 1069 3289 1382 3377; x_wconf 87' lang='lat' dir='ltr'>episcopi,</span> <span class='ocrx_word' id='word_1_162' title='bbox 1442 3299 1896 3378; x_wconf 75' lang='lat' dir='ltr'>praeceperunt</span> <span class='ocrx_word' id='word_1_163' title='bbox 1958 3289 2327 3356; x_wconf 88' lang='lat' dir='ltr'>vicecomiti</span> <span class='ocrx_word' id='word_1_164' title='bbox 2394 3290 2564 3377; x_wconf 90' lang='lat' dir='ltr'>quod</span> <span class='ocrx_word' id='word_1_165' title='bbox 2635 3290 2998 3356; x_wconf 87' lang='lat' dir='ltr'>secundum</span> <span class='ocrx_word' id='word_1_166' title='bbox 3056 3289 3201 3377; x_wconf 83' lang='lat' dir='ltr'>ejus</span> <span class='ocrx_word' id='word_1_167' title='bbox 3756 3330 3773 3361; x_wconf 66' lang='grc' dir='ltr'><strong><em>ι</em></strong></span> 
     </span>
     <span class='ocr_line' id='line_1_20' title="bbox 803 3356 3767 3733; baseline -0.001 -274"><span class='ocrx_word' id='word_1_168' title='bbox 803 3400 1098 3459; x_wconf 77' lang='lat' dir='ltr'>tenorem</span> <span class='ocrx_word' id='word_1_169' title='bbox 1141 3390 1639 3458; x_wconf 86' lang='lat' dir='ltr'>demandaretur</span> <span class='ocrx_word' id='word_1_170' title='bbox 1666 3390 2056 3457; x_wconf 86' lang='lat' dir='ltr'>executioni.</span> <span class='ocrx_word' id='word_1_171' title='bbox 2148 3390 2348 3457; x_wconf 78' lang='lat' dir='ltr'>Quod</span> <span class='ocrx_word' id='word_1_172' title='bbox 2390 3400 2600 3455; x_wconf 87' lang='lat' dir='ltr'>tamen</span> <span class='ocrx_word' id='word_1_173' title='bbox 2646 3413 2783 3457; x_wconf 89' lang='lat' dir='ltr'>non</span> <span class='ocrx_word' id='word_1_174' title='bbox 2826 3400 2929 3457; x_wconf 83' lang='lat' dir='ltr'>est</span> <span class='ocrx_word' id='word_1_175' title='bbox 2954 3390 3203 3457; x_wconf 85' lang='lat' dir='ltr'>factum</span> <span class='ocrx_word' id='word_1_176' title='bbox 3743 3356 3767 3733; x_wconf 52' lang='grc' dir='ltr'>ι</span> 
     </span>
    </p>
   </div>
   <div class='ocr_carea' id='block_1_3' title="bbox 3657 815 3804 3170">
    <p class='ocr_par' dir='ltr' id='par_1_4' title="bbox 3657 815 3804 3170">
     <span class='ocr_line' id='line_1_21' title="bbox 3657 815 3804 3170; baseline 0 0"><span class='ocrx_word' id='word_1_177' title='bbox 3657 815 3804 3170; x_wconf 95' lang='lat' dir='ltr'> </span> 
     </span>
    </p>
   </div>
   <div class='ocr_carea' id='block_1_4' title="bbox 3774 2822 3782 3357">
    <p class='ocr_par' dir='ltr' id='par_1_5' title="bbox 3774 2822 3782 3357">
     <span class='ocr_line' id='line_1_22' title="bbox 3774 2822 3782 3357; baseline 0 0"><span class='ocrx_word' id='word_1_178' title='bbox 3774 2822 3782 3357; x_wconf 95' lang='lat' dir='ltr'> </span> 
     </span>
    </p>
   </div>
   <div class='ocr_carea' id='block_1_5' title="bbox 804 3492 3221 4194">
    <p class='ocr_par' dir='ltr' id='par_1_6' title="bbox 804 3492 3221 4194">
     <span class='ocr_line' id='line_1_23' title="bbox 804 3492 3207 3581; baseline -0.002 -24"><span class='ocrx_word' id='word_1_179' title='bbox 804 3515 1014 3579; x_wconf 88' lang='lat' dir='ltr'>usque</span> <span class='ocrx_word' id='word_1_180' title='bbox 1055 3492 1126 3557; x_wconf 84' lang='lat' dir='ltr'>in</span> <span class='ocrx_word' id='word_1_181' title='bbox 1169 3502 1540 3579; x_wconf 86' lang='lat' dir='ltr'>presentem</span> <span class='ocrx_word' id='word_1_182' title='bbox 1570 3493 1766 3560; x_wconf 88' lang='lat' dir='ltr'>diem.</span> <span class='ocrx_word' id='word_1_183' title='bbox 1855 3492 2103 3560; x_wconf 84' lang='lat' dir='ltr'>Citavit</span> <span class='ocrx_word' id='word_1_184' title='bbox 2142 3493 2342 3579; x_wconf 82' lang='lat' dir='ltr'>igitur</span> <span class='ocrx_word' id='word_1_185' title='bbox 2369 3492 2707 3581; x_wconf 84' lang='lat' dir='ltr'>episcopus</span> <span class='ocrx_word' id='word_1_186' title='bbox 2750 3492 3001 3559; x_wconf 88' lang='lat' dir='ltr'>dietum</span> <span class='ocrx_word' id='word_1_187' title='bbox 3029 3492 3207 3559; x_wconf 75' lang='lat' dir='ltr'>vice-¹</span> 
     </span>
     <span class='ocr_line' id='line_1_24' title="bbox 805 3593 3211 3682; baseline -0.001 -19"><span class='ocrx_word' id='word_1_188' title='bbox 805 3594 1113 3663; x_wconf 76' lang='lat' dir='ltr'>comitem</span> <span class='ocrx_word' id='word_1_189' title='bbox 1142 3593 1407 3660; x_wconf 88' lang='lat' dir='ltr'>nomine</span> <span class='ocrx_word' id='word_1_190' title='bbox 1422 3593 1469 3660; x_wconf 85' lang='lat' dir='ltr'><strong>J</strong></span> <span class='ocrx_word' id='word_1_191' title='bbox 1471 3595 1794 3660; x_wconf 85' lang='lat' dir='ltr'>ohannem</span> <span class='ocrx_word' id='word_1_192' title='bbox 1824 3594 1906 3660; x_wconf 87' lang='lat' dir='ltr'>de</span> <span class='ocrx_word' id='word_1_193' title='bbox 1929 3594 2299 3661; x_wconf 83' lang='lat' dir='ltr'>Rocheford</span> <span class='ocrx_word' id='word_1_194' title='bbox 2328 3594 2412 3661; x_wconf 86' lang='lat' dir='ltr'>ad</span> <span class='ocrx_word' id='word_1_195' title='bbox 2438 3594 2958 3682; x_wconf 87' lang='lat' dir='ltr'>respondendum</span> <span class='ocrx_word' id='word_1_196' title='bbox 2988 3614 3211 3661; x_wconf 86' lang='lat' dir='ltr'>coram</span> 
     </span>
     <span class='ocr_line' id='line_1_25' title="bbox 810 3689 3211 3784; baseline 0.001 -23"><span class='ocrx_word' id='word_1_197' title='bbox 810 3696 957 3784; x_wconf 88' lang='lat' dir='ltr'>ipso</span> <span class='ocrx_word' id='word_1_198' title='bbox 1001 3689 1202 3782; x_wconf 85' lang='lat' dir='ltr'>quare</span> <span class='ocrx_word' id='word_1_199' title='bbox 1244 3696 1555 3762; x_wconf 84' lang='lat' dir='ltr'>mandato</span> <span class='ocrx_word' id='word_1_200' title='bbox 1585 3696 1874 3762; x_wconf 76' lang='lat' dir='ltr'>ecclesioe</span> <span class='ocrx_word' id='word_1_201' title='bbox 1916 3696 2131 3783; x_wconf 88' lang='lat' dir='ltr'>sigillo</span> <span class='ocrx_word' id='word_1_202' title='bbox 2168 3696 2346 3783; x_wconf 85' lang='lat' dir='ltr'>regio</span> <span class='ocrx_word' id='word_1_203' title='bbox 2390 3698 2619 3763; x_wconf 86' lang='lat' dir='ltr'>vallato</span> <span class='ocrx_word' id='word_1_204' title='bbox 2665 3696 2881 3764; x_wconf 86' lang='lat' dir='ltr'>noluit</span> <span class='ocrx_word' id='word_1_205' title='bbox 2922 3695 3211 3764; x_wconf 83' lang='lat' dir='ltr'>obedire.</span> 
     </span>
     <span class='ocr_line' id='line_1_26' title="bbox 814 3797 3213 3888; baseline -0 -22"><span class='ocrx_word' id='word_1_206' title='bbox 814 3797 970 3879; x_wconf 78' lang='lat' dir='ltr'>Qui,</span> <span class='ocrx_word' id='word_1_207' title='bbox 1017 3798 1239 3864; x_wconf 84' lang='lat' dir='ltr'>statim</span> <span class='ocrx_word' id='word_1_208' title='bbox 1290 3798 1512 3864; x_wconf 87' lang='lat' dir='ltr'>audita</span> <span class='ocrx_word' id='word_1_209' title='bbox 1548 3798 1886 3886; x_wconf 73' lang='lat' dir='ltr'>citatione,</span> <span class='ocrx_word' id='word_1_210' title='bbox 1929 3799 2206 3866; x_wconf 87' lang='lat' dir='ltr'>accessit</span> <span class='ocrx_word' id='word_1_211' title='bbox 2248 3798 2331 3865; x_wconf 85' lang='lat' dir='ltr'>ad</span> <span class='ocrx_word' id='word_1_212' title='bbox 2377 3798 2751 3888; x_wconf 88' lang='lat' dir='ltr'>episcopum</span> <span class='ocrx_word' id='word_1_213' title='bbox 2798 3821 3094 3866; x_wconf 80' lang='lat' dir='ltr'>asserens</span> <span class='ocrx_word' id='word_1_214' title='bbox 3137 3820 3213 3865; x_wconf 83' lang='lat' dir='ltr'>se</span> 
     </span>
     <span class='ocr_line' id='line_1_27' title="bbox 813 3900 3215 3991; baseline 0.001 -24"><span class='ocrx_word' id='word_1_215' title='bbox 813 3901 1196 3967; x_wconf 86' lang='lat' dir='ltr'>mandatum</span> <span class='ocrx_word' id='word_1_216' title='bbox 1245 3910 1537 3967; x_wconf 83' lang='lat' dir='ltr'>vestrum</span> <span class='ocrx_word' id='word_1_217' title='bbox 1594 3900 1917 3988; x_wconf 86' lang='lat' dir='ltr'>recepisse</span> <span class='ocrx_word' id='word_1_218' title='bbox 1961 3900 2034 3967; x_wconf 87' lang='lat' dir='ltr'>in</span> <span class='ocrx_word' id='word_1_219' title='bbox 2082 3900 2371 3989; x_wconf 86' lang='lat' dir='ltr'>publico,</span> <span class='ocrx_word' id='word_1_220' title='bbox 2417 3900 2531 3967; x_wconf 88' lang='lat' dir='ltr'>sed</span> <span class='ocrx_word' id='word_1_221' title='bbox 2568 3902 2709 3988; x_wconf 83' lang='lat' dir='ltr'>ejus</span> <span class='ocrx_word' id='word_1_222' title='bbox 2749 3902 3132 3991; x_wconf 84' lang='lat' dir='ltr'>oppositum</span> <span class='ocrx_word' id='word_1_223' title='bbox 3173 3924 3215 3969; x_wconf 74' lang='lat' dir='ltr'>a</span> 
     </span>
     <span class='ocr_line' id='line_1_28' title="bbox 815 4002 3216 4093; baseline 0 -23"><span class='ocrx_word' id='word_1_224' title='bbox 815 4003 952 4071; x_wconf 85' lang='lat' dir='ltr'>suis</span> <span class='ocrx_word' id='word_1_225' title='bbox 981 4002 1424 4091; x_wconf 85' lang='lat' dir='ltr'>superioribus</span> <span class='ocrx_word' id='word_1_226' title='bbox 1451 4002 1520 4068; x_wconf 94' lang='lat' dir='ltr'>in</span> <span class='ocrx_word' id='word_1_227' title='bbox 1553 4013 1825 4084; x_wconf 81' lang='lat' dir='ltr'>secreto,</span> <span class='ocrx_word' id='word_1_228' title='bbox 1853 4012 1924 4069; x_wconf 90' lang='lat' dir='ltr'>et</span> <span class='ocrx_word' id='word_1_229' title='bbox 1950 4002 2130 4091; x_wconf 88' lang='lat' dir='ltr'>quod</span> <span class='ocrx_word' id='word_1_230' title='bbox 2158 4003 2241 4070; x_wconf 90' lang='lat' dir='ltr'>de</span> <span class='ocrx_word' id='word_1_231' title='bbox 2269 4003 2740 4091; x_wconf 88' lang='lat' dir='ltr'>potentioribus</span> <span class='ocrx_word' id='word_1_232' title='bbox 2768 4015 2838 4073; x_wconf 90' lang='lat' dir='ltr'>et</span> <span class='ocrx_word' id='word_1_233' title='bbox 2866 4004 3216 4093; x_wconf 86' lang='lat' dir='ltr'>superiori-</span> 
     </span>
     <span class='ocr_line' id='line_1_29' title="bbox 815 4104 3221 4194; baseline 0.001 -22"><span class='ocrx_word' id='word_1_234' title='bbox 815 4106 944 4172; x_wconf 86' lang='lat' dir='ltr'>bus</span> <span class='ocrx_word' id='word_1_235' title='bbox 983 4127 1054 4172; x_wconf 90' lang='lat' dir='ltr'>se</span> <span class='ocrx_word' id='word_1_236' title='bbox 1091 4128 1226 4171; x_wconf 89' lang='lat' dir='ltr'>non</span> <span class='ocrx_word' id='word_1_237' title='bbox 1275 4104 1741 4182; x_wconf 83' lang='lat' dir='ltr'>intromitteret</span> <span class='ocrx_word' id='word_1_238' title='bbox 1783 4104 2164 4194; x_wconf 84' lang='lat' dir='ltr'>simpliciter</span> <span class='ocrx_word' id='word_1_239' title='bbox 2190 4115 2367 4173; x_wconf 83' lang='lat' dir='ltr'>esset</span> <span class='ocrx_word' id='word_1_240' title='bbox 2398 4105 2523 4173; x_wconf 89' lang='lat' dir='ltr'>sibi</span> <span class='ocrx_word' id='word_1_241' title='bbox 2553 4106 2992 4175; x_wconf 86' lang='lat' dir='ltr'>interdictum.</span> <span class='ocrx_word' id='word_1_242' title='bbox 3053 4107 3221 4175; x_wconf 71' lang='lat' dir='ltr'>‚lvit</span> 
     </span>
    </p>
   </div>
   <div class='ocr_carea' id='block_1_6' title="bbox 817 4204 3221 4400">
    <p class='ocr_par' dir='ltr' id='par_1_7' title="bbox 817 4204 3221 4400">
     <span class='ocr_line' id='line_1_30' title="bbox 817 4204 3220 4297; baseline 0.002 -25"><span class='ocrx_word' id='word_1_243' title='bbox 817 4208 1014 4294; x_wconf 83' lang='lat' dir='ltr'>igitur</span> <span class='ocrx_word' id='word_1_244' title='bbox 1040 4204 1388 4293; x_wconf 87' lang='lat' dir='ltr'>episcopus</span> <span class='ocrx_word' id='word_1_245' title='bbox 1419 4204 1502 4271; x_wconf 87' lang='lat' dir='ltr'>ad</span> <span class='ocrx_word' id='word_1_246' title='bbox 1533 4206 1916 4293; x_wconf 69' lang='lat' dir='ltr'>saepefatum</span> <span class='ocrx_word' id='word_1_247' title='bbox 1944 4206 2330 4293; x_wconf 85' lang='lat' dir='ltr'>magistrum</span> <span class='ocrx_word' id='word_1_248' title='bbox 2358 4208 2718 4275; x_wconf 88' lang='lat' dir='ltr'>Walterum</span> <span class='ocrx_word' id='word_1_249' title='bbox 2745 4211 2828 4276; x_wconf 90' lang='lat' dir='ltr'>de</span> <span class='ocrx_word' id='word_1_250' title='bbox 2858 4210 3220 4297; x_wconf 86' lang='lat' dir='ltr'>Isteleppe,</span> 
     </span>
     <span class='ocr_line' id='line_1_31' title="bbox 821 4306 3221 4400; baseline 0.002 -27"><span class='ocrx_word' id='word_1_251' title='bbox 821 4306 1296 4375; x_wconf 82' lang='lat' dir='ltr'>thesaurarium</span> <span class='ocrx_word' id='word_1_252' title='bbox 1325 4316 1394 4372; x_wconf 91' lang='lat' dir='ltr'>et</span> <span class='ocrx_word' id='word_1_253' title='bbox 1421 4306 1786 4390; x_wconf 88' lang='lat' dir='ltr'>custodem,</span> <span class='ocrx_word' id='word_1_254' title='bbox 1813 4306 1882 4372; x_wconf 91' lang='lat' dir='ltr'>in</span> <span class='ocrx_word' id='word_1_255' title='bbox 1914 4306 2116 4376; x_wconf 89' lang='lat' dir='ltr'>domo</span> <span class='ocrx_word' id='word_1_256' title='bbox 2145 4308 2419 4375; x_wconf 86' lang='lat' dir='ltr'>fratrum</span> <span class='ocrx_word' id='word_1_257' title='bbox 2448 4310 2769 4377; x_wconf 87' lang='lat' dir='ltr'>minorum</span> <span class='ocrx_word' id='word_1_258' title='bbox 2801 4310 3221 4400; x_wconf 77' lang='lat' dir='ltr'>Kylkenniae,</span> 
     </span>
    </p>
   </div>
   <div class='ocr_carea' id='block_1_7' title="bbox 825 4407 3231 5013">
    <p class='ocr_par' dir='ltr' id='par_1_8' title="bbox 825 4407 3231 5013">
     <span class='ocr_line' id='line_1_32' title="bbox 827 4407 3226 4496; baseline 0.003 -22"><span class='ocrx_word' id='word_1_259' title='bbox 827 4407 944 4474; x_wconf 90' lang='lat' dir='ltr'>ubi</span> <span class='ocrx_word' id='word_1_260' title='bbox 983 4408 1126 4496; x_wconf 88' lang='lat' dir='ltr'>ipse</span> <span class='ocrx_word' id='word_1_261' title='bbox 1154 4416 1293 4473; x_wconf 88' lang='lat' dir='ltr'>erat</span> <span class='ocrx_word' id='word_1_262' title='bbox 1319 4430 1450 4473; x_wconf 86' lang='lat' dir='ltr'>una</span> <span class='ocrx_word' id='word_1_263' title='bbox 1477 4430 1629 4475; x_wconf 90' lang='lat' dir='ltr'>cum</span> <span class='ocrx_word' id='word_1_264' title='bbox 1662 4407 2027 4495; x_wconf 86' lang='lat' dir='ltr'>justiciario</span> <span class='ocrx_word' id='word_1_265' title='bbox 2056 4419 2127 4477; x_wconf 91' lang='lat' dir='ltr'>et</span> <span class='ocrx_word' id='word_1_266' title='bbox 2153 4413 2548 4494; x_wconf 86' lang='lat' dir='ltr'>cancellario,</span> <span class='ocrx_word' id='word_1_267' title='bbox 2586 4424 2656 4479; x_wconf 90' lang='lat' dir='ltr'>et</span> <span class='ocrx_word' id='word_1_268' title='bbox 2681 4435 2913 4480; x_wconf 89' lang='lat' dir='ltr'>eorum</span> <span class='ocrx_word' id='word_1_269' title='bbox 2954 4412 3226 4481; x_wconf 87' lang='lat' dir='ltr'>cuilibet</span> 
     </span>
     <span class='ocr_line' id='line_1_33' title="bbox 825 4500 3225 4604; baseline 0.003 -27"><span class='ocrx_word' id='word_1_270' title='bbox 825 4532 946 4599; x_wconf 87' lang='lat' dir='ltr'>per</span> <span class='ocrx_word' id='word_1_271' title='bbox 968 4500 1192 4577; x_wconf 85' lang='lat' dir='ltr'>literas</span> <span class='ocrx_word' id='word_1_272' title='bbox 1235 4531 1388 4574; x_wconf 85' lang='lat' dir='ltr'>suas</span> <span class='ocrx_word' id='word_1_273' title='bbox 1429 4518 1728 4597; x_wconf 86' lang='lat' dir='ltr'>patentes</span> <span class='ocrx_word' id='word_1_274' title='bbox 1757 4510 1969 4599; x_wconf 79' lang='lat' dir='ltr'>sigillo</span> <span class='ocrx_word' id='word_1_275' title='bbox 1998 4534 2122 4579; x_wconf 88' lang='lat' dir='ltr'>suo</span> <span class='ocrx_word' id='word_1_276' title='bbox 2166 4514 2448 4601; x_wconf 80' lang='lat' dir='ltr'>sig-natas</span> <span class='ocrx_word' id='word_1_277' title='bbox 2476 4524 2782 4583; x_wconf 85' lang='lat' dir='ltr'>tenorem.</span> <span class='ocrx_word' id='word_1_278' title='bbox 2807 4526 2887 4582; x_wconf 90' lang='lat' dir='ltr'>ut</span> <span class='ocrx_word' id='word_1_279' title='bbox 2929 4516 3225 4604; x_wconf 59' lang='lat' dir='ltr'>praemis·</span> 
     </span>
     <span class='ocr_line' id='line_1_34' title="bbox 828 4610 3229 4706; baseline 0.004 -29"><span class='ocrx_word' id='word_1_280' title='bbox 828 4633 976 4678; x_wconf 86' lang='lat' dir='ltr'>sum</span> <span class='ocrx_word' id='word_1_281' title='bbox 1023 4620 1129 4678; x_wconf 88' lang='lat' dir='ltr'>est</span> <span class='ocrx_word' id='word_1_282' title='bbox 1173 4633 1374 4700; x_wconf 84' lang='lat' dir='ltr'>supra</span> <span class='ocrx_word' id='word_1_283' title='bbox 1413 4610 1849 4696; x_wconf 87' lang='lat' dir='ltr'>continentes,</span> <span class='ocrx_word' id='word_1_284' title='bbox 1887 4613 2233 4680; x_wconf 83' lang='lat' dir='ltr'>efficaciter</span> <span class='ocrx_word' id='word_1_285' title='bbox 2274 4614 2444 4681; x_wconf 88' lang='lat' dir='ltr'>sicut</span> <span class='ocrx_word' id='word_1_286' title='bbox 2489 4616 2639 4682; x_wconf 81' lang='lat' dir='ltr'>alias</span> <span class='ocrx_word' id='word_1_287' title='bbox 2688 4618 3098 4706; x_wconf 80' lang='lat' dir='ltr'>supplicavit,</span> <span class='ocrx_word' id='word_1_288' title='bbox 3148 4641 3229 4688; x_wconf 88' lang='lat' dir='ltr'>ac</span> 
     </span>
     <span class='ocr_line' id='line_1_35' title="bbox 827 4714 3227 4808; baseline 0.004 -28"><span class='ocrx_word' id='word_1_289' title='bbox 827 4715 1026 4781; x_wconf 87' lang='lat' dir='ltr'>etiam</span> <span class='ocrx_word' id='word_1_290' title='bbox 1075 4714 1398 4781; x_wconf 82' lang='lat' dir='ltr'>instanter</span> <span class='ocrx_word' id='word_1_291' title='bbox 1439 4716 1878 4803; x_wconf 87' lang='lat' dir='ltr'>perseveravit</span> <span class='ocrx_word' id='word_1_292' title='bbox 1923 4716 2213 4803; x_wconf 88' lang='lat' dir='ltr'>petendo</span> <span class='ocrx_word' id='word_1_293' title='bbox 2256 4739 2379 4805; x_wconf 87' lang='lat' dir='ltr'>pro</span> <span class='ocrx_word' id='word_1_294' title='bbox 2420 4719 2709 4808; x_wconf 85' lang='lat' dir='ltr'>captione</span> <span class='ocrx_word' id='word_1_295' title='bbox 2752 4743 2828 4789; x_wconf 85' lang='lat' dir='ltr'>ac</span> <span class='ocrx_word' id='word_1_296' title='bbox 2868 4722 3067 4789; x_wconf 86' lang='lat' dir='ltr'>etiam</span> <span class='ocrx_word' id='word_1_297' title='bbox 3110 4722 3227 4807; x_wconf 80' lang='lat' dir='ltr'>de-</span> 
     </span>
     <span class='ocr_line' id='line_1_36' title="bbox 829 4816 3231 4913; baseline 0.005 -32"><span class='ocrx_word' id='word_1_298' title='bbox 829 4816 1125 4883; x_wconf 85' lang='lat' dir='ltr'>tentione</span> <span class='ocrx_word' id='word_1_299' title='bbox 1152 4816 1513 4890; x_wconf 68' lang='lat' dir='ltr'>secandum</span> <span class='ocrx_word' id='word_1_300' title='bbox 1557 4839 1775 4885; x_wconf 86' lang='lat' dir='ltr'>sacros</span> <span class='ocrx_word' id='word_1_301' title='bbox 1819 4840 2105 4885; x_wconf 86' lang='lat' dir='ltr'>canones</span> <span class='ocrx_word' id='word_1_302' title='bbox 2143 4817 2459 4885; x_wconf 85' lang='lat' dir='ltr'>dictarum</span> <span class='ocrx_word' id='word_1_303' title='bbox 2500 4842 2913 4907; x_wconf 86' lang='lat' dir='ltr'>personarum</span> <span class='ocrx_word' id='word_1_304' title='bbox 2958 4825 3231 4913; x_wconf 78' lang='lat' dir='ltr'>pestife-</span> 
     </span>
     <span class='ocr_line' id='line_1_37' title="bbox 831 4919 3231 5013; baseline 0.004 -28"><span class='ocrx_word' id='word_1_305' title='bbox 831 4939 1068 4987; x_wconf 84' lang='lat' dir='ltr'>rarum.</span> <span class='ocrx_word' id='word_1_306' title='bbox 1157 4919 1286 4986; x_wconf 85' lang='lat' dir='ltr'>Cui</span> <span class='ocrx_word' id='word_1_307' title='bbox 1336 4919 1678 5008; x_wconf 84' lang='lat' dir='ltr'>respondit</span> <span class='ocrx_word' id='word_1_308' title='bbox 1725 4922 1941 4987; x_wconf 86' lang='lat' dir='ltr'>dictus</span> <span class='ocrx_word' id='word_1_309' title='bbox 1999 4921 2307 5008; x_wconf 84' lang='lat' dir='ltr'>magister</span> <span class='ocrx_word' id='word_1_310' title='bbox 2350 4922 2695 5007; x_wconf 79' lang='lat' dir='ltr'>walterus,</span> <span class='ocrx_word' id='word_1_311' title='bbox 2744 4926 2923 5013; x_wconf 85' lang='lat' dir='ltr'>quod</span> <span class='ocrx_word' id='word_1_312' title='bbox 2971 4926 3044 4993; x_wconf 86' lang='lat' dir='ltr'>in</span> <span class='ocrx_word' id='word_1_313' title='bbox 3100 4927 3231 4993; x_wconf 83' lang='lat' dir='ltr'>hiis</span> 
     </span>
    </p>
   </div>
   <div class='ocr_carea' id='block_1_8' title="bbox 3750 3470 3779 4469">
    <p class='ocr_par' dir='ltr' id='par_1_9' title="bbox 3750 3470 3779 4469">
     <span class='ocr_line' id='line_1_38' title="bbox 3750 3470 3779 4469; textangle 90"><span class='ocrx_word' id='word_1_314' title='bbox 3763 4334 3778 4469; x_wconf 65' lang='lat'>—*:</span> <span class='ocrx_word' id='word_1_315' title='bbox 3756 4000 3779 4304; x_wconf 49' lang='lat' dir='ltr'>’&#39;m-“V‘&#39;</span> <span class='ocrx_word' id='word_1_316' title='bbox 3767 3954 3778 3975; x_wconf 62' lang='lat'>‚⁶-</span> <span class='ocrx_word' id='word_1_317' title='bbox 3776 3916 3778 3923; x_wconf 87' lang='lat'>.</span> <span class='ocrx_word' id='word_1_318' title='bbox 3776 3846 3778 3853; x_wconf 87' lang='lat'>.</span> <span class='ocrx_word' id='word_1_319' title='bbox 3750 3787 3757 3795; x_wconf 67' lang='lat'><em>⁶</em></span> <span class='ocrx_word' id='word_1_320' title='bbox 3776 3740 3778 3747; x_wconf 87' lang='lat'>.</span> <span class='ocrx_word' id='word_1_321' title='bbox 3776 3616 3778 3658; x_wconf 48' lang='lat' dir='ltr'>„fl</span> <span class='ocrx_word' id='word_1_322' title='bbox 3775 3470 3778 3513; x_wconf 73' lang='grc'>-.</span> 
     </span>
    </p>
   </div>
  </div>
 </body>
</html>
