3867 6400
1623 1361 1632 1369 .
1710 1333 1852 1379 ron
1882 1333 2239 1396 sonetur,
3178 1307 3273 1394 37

749 1489 1104 1545 montuosa
1150 1489 1220 1546 et
1265 1479 1442 1546 invia
1491 1479 1618 1548 iter
1657 1482 1936 1572 arripere
1980 1506 2208 1552 versus
2260 1483 2670 1565 Dubliniam,
2718 1491 2791 1549 et
2838 1501 3019 1565 non
3084 1475 3267 1541 uine

749 1604 990 1668 magno
1037 1581 1412 1649 discrimine
1456 1583 1708 1650 viarum
1781 1586 2197 1672 pertransire,
2256 1586 2605 1674 capellanis
2666 1584 2804 1651 suis
2862 1577 3267 1670 propriis,

749 1683 1023 1764 clericis,
1052 1693 1122 1751 et
1151 1684 1532 1766 domicellis,
1561 1696 1632 1753 et
1657 1688 1908 1754 creteris
1935 1689 2020 1756 de
2050 1688 2295 1754 familia
2324 1711 2444 1754 sua
2470 1688 2734 1754 interim
2764 1680 3259 1774 fugientibus

747 1795 818 1850 et
845 1785 1256 1854 latitantibus
1286 1788 1391 1854 die
1419 1797 1489 1854 et
1515 1800 1709 1858 nocte
1739 1791 1807 1856 in
1837 1791 2019 1858 silvis
2048 1803 2117 1859 et
2142 1791 2305 1858 locis
2332 1791 2691 1879 paludosis.
2862 1842 2865 1846 .

843 1888 1000 1957 Quo
1051 1911 1205 1956 cum
1263 1889 1690 1976 pervenisset,
1739 1901 1952 1959 totam
2011 1893 2258 1958 curiam
2314 1891 2485 1978 regis
2542 1890 2795 1978 integre
2843 1913 2921 1956 ae
2977 1887 3245 1955 etiam

748 1987 1235 2110 archiepiscopi·
1251 2002 1476 2057 contra
1504 1990 1722 2079 ipsum
1749 1991 2003 2060 invenit
2029 1993 2482 2073 informatam,
2521 1989 2919 2057 audientiam
2944 1999 3245 2056 tamen.

751 2100 822 2156 et
855 2093 1235 2159 auxilium’
1215 2117 1285 2160 in
1325 2117 1520 2162 causa
1553 2095 1710 2162 fidei
1747 2118 1970 2162 coram
2008 2095 2313 2162 omnibus
2351 2094 2639 2183 praelatis
2680 2103 2750 2160 et
2794 2105 2987 2160 terrae
3028 2113 3237 2179 pro-

751 2194 1011 2261 ceribus
1056 2195 1318 2283 publice
1346 2197 1742 2284 postulabat.
1831 2197 1963 2264 Cui
2004 2197 2225 2264 statim
2254 2219 2475 2264 coram
2502 2195 2812 2263 omnibus
2842 2193 3233 2262 audientia

749 2296 882 2364 fuit
908 2299 1246 2386 denegata,
1285 2310 1354 2366 et
1381 2299 1712 2366 silentium
1741 2300 1804 2367 ei
1845 2300 2254 2389 impositum,
2282 2300 2494 2367 donec
2536 2299 3046 2386 parliamentum
3084 2319 3225 2364 en-
3348 2297 3358 2304 ’

749 2411 856 2466 set
883 2412 1434 2467 consummatum.
1515 2401 1846 2490 Sequente
1874 2424 2033 2470 vero
2062 2402 2191 2485 die,
2209 2400 2572 2490 justiciario
2602 2410 2673 2467 et
2699 2398 2971 2468 consilio
2998 2398 3219 2486 regin

749 2501 1006 2588 privato
1036 2503 1384 2589 separatim
1413 2503 1872 2586 existentibus,
1892 2503 2181 2590 praelatis
2208 2526 2387 2586 vero,
2410 2501 2785 2588 comitibus,
2810 2500 3208 2570 baronibus

752 2611 822 2668 et
843 2603 986 2668 aliis
1017 2613 1207 2670 terrae
1237 2606 1611 2692 proceribus
1641 2604 1892 2671 existen
1900 2604 2078 2671 tibus
2106 2605 2175 2670 in
2206 2604 2374 2686 aula,
2401 2604 2588 2671 venit
2617 2603 2833 2670 dictus
2862 2603 3203 2670 dominus

753 2705 1110 2786 Amaldus,
1131 2707 1536 2774 willelmum
1560 2707 1864 2774 Outlawe
1893 2707 2297 2774 antedictum
2326 2706 2409 2774 de
2436 2706 2618 2773 robis
2648 2705 2788 2772 suis
2820 2705 3069 2771 habens
3100 2705 3195 2776 in

757 2807 1090 2888 comitiva,
1122 2807 1420 2874 cedulam
1465 2819 1736 2898 portans
1778 2811 1851 2875 in
1893 2833 2096 2876 manu
2124 2809 2312 2897 quasi
2338 2830 2422 2875 ex
2466 2817 2653 2896 parte
2682 2806 2937 2875 consilii
2978 2806 3193 2893 regis,

749 2909 906 2975 Tria
953 2910 1302 2997 proposuit
1350 2911 1419 2976 in
1468 2934 1704 2998 genere
1747 2911 1820 2977 in
1864 2913 2293 2999 parliamento
2342 2912 2717 2991 tractanda3
2772 2910 2845 2975 in
2890 2931 3189 2996 quorum

749 3011 1074 3100 principio
1119 3012 1576 3080 continebatur
1603 3014 1780 3102 quod
1824 3015 2131 3081 voluntas
2183 3014 2435 3081 domini
2480 3013 2651 3100 regis
2700 3023 2807 3080 est
2843 3013 3023 3100 quod
3066 3033 3187 3079 ee·-

753 3115 953 3183 clesia
993 3115 1132 3182 suis
1163 3116 1446 3203 gaudeat
1487 3116 1900 3184 libertatibus
1940 3127 2141 3206 prout
2167 3117 2237 3183 in
2284 3125 2463 3184 carta
2502 3138 2738 3203 magna
2780 3115 3179 3207 continetur,

751 3218 850 3283 Et
881 3219 1104 3285 statim
1163 3218 1404 3305 adjecit
1448 3219 1664 3286 dictus
1725 3216 2034 3285 dominus
2079 3218 2411 3286 Arnaldus
2463 3217 2547 3282 de
2592 3216 2805 3303 capite
2860 3216 3125 3304 proprio
3148 3247 3171 3287 z

749 3322 796 3359 “
818 3320 1132 3400 Notate,’'
1162 3320 1401 3407 inquit,
1448 3324 1496 3359 “
1525 3343 1658 3387 non
1689 3320 1850 3387 dicit
1890 3341 2007 3386 rex
2036 3319 2535 3407 quibuscunque
2572 3316 3007 3403 libertatibus,
3050 3318 3173 3397 sed

747 3432 951 3509 prout
997 3422 1373 3488 continetur
1415 3422 1485 3488 in
1533 3431 1709 3488 carta
1747 3444 2018 3511 magna3
2080 3420 2140 3487 si
2186 3421 2365 3488 enim
2410 3430 2763 3486 trutannus
2818 3420 3049 3508 aliquis
3084 3420 3172 3487 do

748 3524 990 3611 Anglia
1016 3524 1124 3591 vel
1164 3524 1423 3590 aliunde
1467 3524 1716 3589 bullam
1764 3546 1884 3590 seu
1928 3522 2339 3611 privilegium
2380 3522 2831 3610 impetraverit
2877 3523 2949 3589 in
2994 3522 3173 3603 curia
3650 3593 3658 3626 Ι

747 3647 960 3713 papoe,
1019 3648 1142 3691 nos
1202 3626 1394 3691 dictoe
1451 3625 1652 3692 bullae
1711 3649 1846 3693 non
1893 3637 2195 3693 tenemur
2239 3626 2528 3707 obedire,
2586 3624 2716 3691 nisi
2774 3624 2899 3691 sub
2960 3624 3173 3711 sigillo

744 3728 918 3814 regis
962 3728 1090 3793 hoc
1118 3726 1311 3793 nobis
1353 3728 1550 3794 fuerit
1581 3728 1977 3795 intimatum.
2067 3729 2220 3796 Hoc
2254 3728 2555 3810 dicimus,
2595 3728 2749 3815 quia
2774 3750 2896 3795 vos
2936 3727 3167 3795 melius
3648 3753 3668 3870 ί

745 3830 958 3896 nostis
988 3830 1164 3916 quod
1194 3830 1264 3895 in
1293 3840 1464 3896 terra
1489 3830 1849 3919 Hyberniae
1881 3853 2223 3919 nunquam
2260 3830 2515 3897 inventi
2542 3832 2811 3897 fuerunt
2850 3828 3162 3913 haeretici,

745 3932 866 3998 sed
921 3932 1140 3997 insula
1197 3942 1572 4000 sanctorum
1631 3932 1977 3999 consuevit
2046 3931 2393 4019 appellari3
2468 3955 2647 3999 nunc
2706 3941 2927 3998 autem
2983 3930 3165 3999 venit

745 4034 1014 4122 quidam
1043 4034 1402 4121 alienigena
1429 4035 1510 4100 de
1537 4033 1799 4119 Anglia,
1825 4043 1896 4098 et
1924 4032 2085 4098 dicit
2124 4054 2248 4097 nos
2288 4054 2520 4098 omnes
2550 4052 2695 4098 esse
2722 4030 3067 4098 haeretieos
3092 4042 3161 4122 et
3646 3959 3666 4114 l

746 4137 1368 4217 excommunicatos,
1405 4135 1687 4222 allegans
1727 4157 1848 4223 pro
1893 4158 1966 4201 se
1995 4134 2309 4222 quasdam
2358 4134 2866 4201 constitutiones
2898 4134 3163 4223 papales
3646 4155 3666 4278 ς

747 4238 831 4305 de
861 4238 1102 4325 quibus
1131 4259 1464 4325 nunquam
1493 4235 1862 4302 audivimus
1887 4257 2095 4323 usque
2116 4235 2355 4317 mod03
2394 4244 2465 4301 et
2492 4235 2645 4324 quia
2670 4234 2941 4302 infamia
2964 4235 3163 4302 istius
3656 4281 3666 4312 ·.

749 4349 942 4406 terrae
999 4360 1313 4424 personas
1373 4338 1667 4404 omnium
1723 4347 2029 4404 nostrum
2088 4338 2319 4424 tangit,
2346 4423 2351 4427 .
2377 4337 2569 4404 decet
2621 4347 2703 4404 ut
2754 4359 2879 4405 vos
2936 4360 3167 4405 omnes

748 4450 1007 4527 partem
1034 4438 1284 4506 faciatis
1306 4450 1534 4507 contra
1559 4437 1846 4526 ipsum.’'
1910 4438 2145 4505 Coeteri
2178 4436 2378 4526 igitur
2397 4437 2691 4526 episcopi
2713 4438 3167 4507 Ossoriensem

748 4541 1135 4628 episcopum
1179 4540 1435 4628 pulsare
1466 4551 1828 4629 coeperunt,
1856 4549 1935 4606 ut
1961 4538 2207 4626 aliquid
2256 4539 2318 4605 ei
2358 4540 2809 4625 responderet,
2835 4562 2921 4607 ne
2948 4561 3165 4606 coram

748 4651 934 4707 tanta
962 4641 1383 4709 multitudine
1411 4643 1928 4730 qualemcunque
1956 4640 2293 4709 victoriam
2325 4641 2399 4708 in
2428 4664 2628 4708 causa
2656 4642 2810 4709 fidei
2836 4641 3166 4709 videretur

749 4752 1104 4829 reportare.
1194 4744 1289 4810 Et
1325 4746 1419 4811 ait
1457 4744 1805 4833 episcopus
1847 4741 2259 4811 Ossoriensis
2304 4764 2527 4809 coram
2574 4741 2919 4808 omnibus.
2963 4744 3010 4781 “
3034 4742 3170 4809 Ve-

751 4843 1138 4927 nerabiles,”
1160 4845 1397 4933 inquit,
1425 4852 1469 4886 “
1489 4857 1707 4936 patres
1729 4856 1800 4915 et
1815 4844 2087 4927 domini,
2108 4845 2261 4913 licet
2278 4844 2488 4912 multa
2513 4865 2634 4932 per
2658 4844 2862 4911 istum
2884 4842 3171 4923 nobilem

837 4967 1071 5016 οΑκυ.
1100 4966 1252 5015 soo.
2772 4966 2823 5012 n
