3867 6400
1494 1389 1636 1435 roa
1669 1387 2023 1436 soncanr.
2884 1367 2970 1426 29
3002 1377 3010 1382 ·

549 1550 881 1625 proestare‚
929 1538 1193 1626 publice
1237 1538 1344 1605 vel
1400 1540 1677 1607 occulte.
1776 1538 1998 1607 Quam
2053 1535 2326 1624 gratiam
2375 1542 2709 1624 gratanter
2753 1551 2974 1598 coram

552 1639 861 1706 omnibus
909 1639 1178 1706 admisit
1214 1649 1284 1706 et
1310 1639 1692 1728 acceptavit.
1780 1640 2254 1707 Verumtamen
2292 1638 2449 1706 licet
2475 1637 2830 1726 episcopus
2862 1632 2978 1698 de·-

554 1743 855 1808 cretalem
910 1742 1111 1823 illam,
1157 1742 1258 1810 Ut
1298 1740 1765 1829 inquisitionis,
1793 1749 1944 1822 etc.,
1971 1751 2049 1806 ut
2090 1741 2534 1828 praemittitur,
2563 1761 2783 1807 coram
2831 1737 2978 1824 ipso

554 1851 625 1909 et
672 1843 923 1931 populo
967 1843 1383 1932 exposuisset
1432 1843 1502 1910 in
1528 1841 1806 1930 vulgari,
1848 1841 1917 1906 in
1967 1864 2097 1929 qua
2139 1842 2484 1908 manifeste
2525 1850 2712 1930 patet
2757 1839 3014 1928 ipsum-

556 1946 781 2011 multis
826 1955 897 2011 et
924 1945 1119 2010 variis
1166 1944 1512 2011 sententiis
1556 1941 2318 2028 excommunicationum,
2349 1943 2554 2009 fuisse
2583 1953 2654 2008 et
2690 1962 2839 2008 esse
2878 1939 3014 2006 in·-

556 2048 899 2128 nodatum,
948 2045 1342 2114 beneficium
1401 2056 1621 2113 tamen
1668 2043 2104 2112 absolutionis
2151 2043 2234 2111 ab
2279 2044 2514 2111 eodem
2555 2053 2782 2132 petere
2824 2051 3022 2108 tunc·

560 2150 876 2238 temporis
934 2172 1071 2216 non
1128 2149 1401 2215 curavit.
1502 2149 1924 2236 Rogaverunt
1969 2145 2170 2234 igitur
2219 2145 2380 2212 dicti
2437 2145 2862 2213 cancellarius
2919 2152 2992 2211 et

560 2251 1001 2318 thesaurarius
1044 2251 1430 2338 episcopum
1478 2273 1627 2316 cum
1677 2248 1994 2317 instantia
2027 2271 2265 2336 magna
2306 2257 2388 2314 ut
2423 2248 2758 2336 pendente
2795 2261 3032 2314 causa-
3117 2311 3124 2318 ,

562 2353 905 2442 principali
949 2353 1019 2420 in
1064 2354 1330 2440 negotio
1359 2351 1513 2418 fidei
1555 2373 1765 2439 usque
1793 2352 1878 2418 ad
1922 2353 2098 2418 diem
2151 2350 2279 2418 sibi
2324 2352 2666 2441 proefixum
2713 2350 2992 2440 gratiam

565 2455 691 2520 sibi
720 2455 962 2522 faceret
990 2454 1073 2521 de
1102 2476 1377 2535 carcere,
1406 2465 1475 2520 et
1501 2475 1620 2540 per
1645 2452 2066 2540 fidejussores
2097 2477 2216 2522 seu
2243 2463 2747 2541 manucaptores
2789 2453 2994 2520 libere
3025 2479 3030 2484 ·

566 2556 975 2644 permitteret
1011 2555 1232 2643 ipsum
1275 2576 1561 2637 manere,
1592 2556 1825 2621 saltem
1869 2555 2046 2622 intra
2083 2579 2308 2622 muros
2336 2555 2642 2623 civitatis.
2733 2554 2996 2624 Quibus

568 2659 912 2746 respondit
926 2659 1275 2746 episcopus
1304 2657 1480 2745 quod
1501 2657 1569 2723 in
1595 2668 1739 2724 toto
1756 2657 1951 2724 titulo
1973 2657 2056 2724 de
2073 2657 2399 2724 hoereticis
2421 2658 2720 2724 nondum
2741 2656 3001 2724 invenit

570 2762 888 2849 scriptum
934 2761 1112 2848 quod
1154 2761 1504 2850 episcopus
1551 2771 1945 2851 receptores,
1972 2762 2283 2845 fautores,
2325 2773 2395 2830 et
2438 2760 2817 2828 defensores
2860 2761 2999 2826 Κω-

571 2863 946 2943 reticorum,
996 2885 1073 2930 ac
1130 2863 1328 2928 etiam
1387 2874 1651 2930 notatos
1710 2864 1794 2931 de
1848 2863 2086 2930 hoeresi
2141 2872 2212 2931 et
2265 2864 2338 2930 in
2396 2864 2527 2932 fide
2575 2862 3002 2930 vehementer

574 2977 940 3055 suspectos,
977 2974 1250 3052 propter
1294 2965 1481 3053 signa
1524 2965 2004 3054 quamplurima
2051 2965 2510 3032 vehementem
2555 2963 3004 3050 suspicionem

572 3068 973 3150 inducentia,
1014 3066 1219 3134 libere
1244 3068 1461 3153 possit
1487 3067 1867 3155 permittere
1896 3088 2016 3155 per
2043 3065 2376 3133 civitatem
2406 3066 2690 3154 evagari,
2717 3064 3003 3132 maxime

577 3194 729 3239 cum
756 3169 1145 3238 constitutio
1174 3169 1351 3236 dicat
1378 3169 1589 3257 quod
1585 3167 1751 3235 tales
1780 3167 2024 3256 exponi
2053 3165 2302 3237 debent
2341 3166 2413 3234 in
2443 3167 2746 3235 custodia
2776 3189 3006 3235 secura
3038 3214 3044 3219 -

576 3286 647 3342 et
684 3284 881 3341 arcta.
988 3273 1251 3343 Quibus
1296 3295 1335 3340 e
1375 3273 1698 3341 contrario
1742 3272 2172 3359 allegantibus
2219 3272 2397 3360 quod
2449 3270 2782 3337 sufficiens
2829 3279 3009 3337 esset

580 3377 896 3446 securitas
952 3376 1035 3443 de
1092 3398 1397 3461 persona,
1455 3386 1525 3444 et
1580 3376 1760 3463 quod
1816 3376 1949 3463 ipsi
2005 3386 2518 3462 manucaperent
2571 3396 2696 3463 pro
2747 3374 3008 3455 eodem,

580 3477 924 3566 respondit
950 3476 1337 3565 episcopus·
1382 3482 1429 3517 “
1457 3479 1697 3545 Omnis
1740 3478 1986 3546 favor
1967 3501 2037 3544 m
2079 3476 2206 3545 hac
2249 3476 2521 3543 materis
2547 3476 2812 3545 videtur
2837 3475 3012 3564 peri·

583 3581 871 3661 culosus,
922 3588 993 3645 et
1038 3579 1189 3645 ideo
1230 3580 1564 3647 licentiato
1602 3582 1711 3648 vel
1756 3578 2115 3648 concedere
2157 3578 2406 3666 aliquid
2451 3600 2650 3667 super
2689 3578 2859 3647 hoc·
2871 3600 3010 3647 non

580 3680 989 3748 intendimus
1038 3680 1174 3748 ullo
1222 3682 1462 3763 mod03
1508 3682 1645 3771 §ed
1686 3704 1769 3749 ex
1806 3705 1940 3771 quo
1981 3682 2258 3750 fecimus
2301 3681 2478 3770 quod
2529 3680 2599 3747 in
2643 3679 2841 3748 nobis
2887 3690 3045 3763 est,.

586 3794 906 3872 quantum
942 3783 1093 3869 jura
1120 3782 1516 3869 permittunt
1558 3808 1683 3851 nos
1725 3784 2170 3873 permittimus
2199 3793 2270 3852 et
2297 3806 2434 3851 non
2476 3782 2651 3871 plus,
2679 3804 2806 3849 nec
2831 3782 3017 3849 vide·
3039 3816 3058 3829 ν

588 3908 737 3952 mus
765 3884 943 3972 quod
974 3881 1102 3950 alio
1132 3884 1332 3951 modo
1362 3886 1727 3953 secundum
1771 3887 1923 3976 jura
1950 3886 2020 3953 in
2069 3886 2334 3973 negotio
2362 3885 2518 3953 fidei
2547 3884 2789 3953 divites
2817 3906 3017 3972 quam

587 4009 908 4076 pauperes
938 3986 1202 4051 tractari
1230 3986 1538 4070 debeant,
1578 3988 1707 4055 nisi
1750 3989 2122 4078 specialiter
2145 3990 2278 4057 hoc
2305 3988 2622 4057 divitibus
2651 3999 2832 4057 esset
2857 4010 3020 4055 cone

590 4089 915 4157 cessum.”
1006 4088 1350 4156 Remansit
1403 4089 1604 4178 igitur
1658 4102 1845 4157 extra
1896 4112 2220 4158 carcerem
2276 4090 2346 4156 in
2399 4090 2664 4158 civitate
2709 4100 2784 4158 et
2831 4100 3060 4158 extra-

589 4189 1015 4278 vagabundus
1060 4190 1140 4256 ad
1191 4213 1327 4259 suoe
1364 4190 1849 4280 beneplacitum
1875 4193 2260 4275 voluntatis,
2303 4214 2514 4280 usque
2542 4192 2627 4259 ad
2671 4192 2847 4259 diem
2889 4190 3060 4259 sibi-

592 4292 964 4382 praefixum,
994 4314 1125 4379 quo
1156 4292 1263 4359 die
1290 4294 1561 4363 ecclesia
1596 4306 1676 4361 ut
1720 4294 2138 4382 praemissum
2166 4305 2271 4361 est
2303 4294 2645 4383 probanda
2684 4292 3022 4384 probaret,

594 4408 663 4464 et
691 4396 906 4483 quoad
936 4394 1062 4460 alia
1090 4394 1476 4461 duodecima
1502 4418 1705 4462 manu
1734 4396 2051 4465 canonice
2081 4420 2155 4465 se
2182 4405 2508 4485 purgaret.
2533 4444 2540 4449 -
2583 4438 2618 4461 ·,

680 4499 1026 4566 Venerunt
1052 4496 1251 4584 igitur
1276 4496 1539 4563 interim
1569 4498 1654 4563 ad
1696 4498 2083 4587 episcopum
2119 4498 2313 4566 amici
2357 4497 2460 4565 sui
2492 4498 2760 4582 diversi,
2799 4498 3064 4587 singib-

592 4600 779 4667 latim
803 4600 1149 4688 pecuniam
1171 4598 1655 4718 permaximam
1662 4600 1978 4689 episcopo
1999 4602 2348 4669 offerentes
2377 4611 2448 4669 et
2474 4602 2688 4670 multo
2711 4602 3026 4689 majorem
3039 4650 3058 4660 -

596 4702 1083 4789 promittentes,
1132 4709 1211 4766 ut
1238 4700 1586 4789 episcopus
1634 4702 1707 4768 in
1750 4704 2020 4792 negotio
2065 4704 2194 4771 isto
2239 4705 2524 4771 amicum
2571 4728 2644 4771 se
2693 4704 3060 4783 ostendat,

594 4813 664 4871 et
690 4812 1010 4890 quantum
1040 4803 1286 4891 poterit
1312 4804 1685 4870 favorabilis
1717 4804 1805 4871 sit
1832 4816 1902 4874 et
1926 4806 2276 4893 gratiosus.
2366 4806 2650 4883 Quibus
2674 4807 3032 4894 respondit

597 4904 971 4993 episcopus,
997 4905 1176 4992 quod
1222 4927 1344 4992 pro
1374 4915 1557 4974 tanta
1586 4929 1845 4974 summa
1871 4907 2272 4976 florenorum
2300 4909 2443 4976 auri
2492 4932 2640 4998 qun
2681 4919 2915 4999 posset
2955 4910 3036 4979 in

2442 5955 2509 5965 -ρ-
2546 5957 2803 5973 -.„.-,„‚

32 5894 1049 5935 mmm-8
1053 5909 1475 5943 *ταπ-ὦ-,ῃςῖὰῖ
1481 5917 1675 5949 .;-.-;ο,-;-
1682 5913 3750 5959 :ww-,ww

3404 5979 3498 5991 '—
