3867 6400
684 1446 868 1516 moni
909 1445 1020 1535 qui
1065 1468 1138 1513 se
1164 1445 1320 1512 facit
1348 1444 1652 1533 appellari
1682 1446 1863 1512 Artis
1893 1445 2132 1512 Filium
2174 1467 2259 1511 ex
2298 1441 2794 1532 pauperioribus
2834 1439 3095 1507 inferni.

547 1613 552 1616 .
680 1549 925 1631 Tertio,
970 1547 1149 1635 quod
1193 1546 1466 1614 consilia
1511 1556 1580 1611 et
1625 1569 1941 1634 responsa
1985 1569 2103 1634 per
2148 1569 2266 1612 sua
2314 1545 2639 1632 sortilegia
2693 1542 3009 1631 petebant
3055 1564 3098 1606 a

683 1649 1104 1716 daemonibus.
1219 1649 1499 1730 Quarto,
1568 1651 1744 1737 quod
1809 1649 2326 1738 jurisdictionem
2400 1656 2469 1714 et
2523 1647 2738 1714 claves
2808 1643 3097 1712 ecclesiae

680 1749 1084 1838 usurpabant
1128 1750 1200 1816 in
1247 1751 1382 1817 suis
1425 1750 1893 1818 conventiculis
1939 1752 2019 1818 de
2060 1761 2276 1832 nocte,
2305 1771 2456 1815 cum
2502 1747 2787 1814 candelis
2828 1746 2909 1810 de
2948 1767 3098 1810 cera

681 1853 990 1936 accensis,
1057 1852 1448 1919 sententiam
1509 1853 2197 1921 excommunicationis
2268 1850 2697 1930 fulminando,
2756 1847 2954 1913 etiam
3024 1846 3097 1912 in

681 1953 856 2022 viros
913 1953 1238 2042 proprios,
1297 1976 1336 2018 a
1392 1954 1616 2041 planta
1671 1955 1859 2042 pedis
1931 1975 2138 2042 usque
2188 1955 2271 2020 ad
2326 1953 2635 2019 verticem
2692 1949 2923 2037 capitis
2980 1969 3100 2035 per

688 2057 908 2124 omnia
940 2057 1235 2124 membra
1263 2079 1568 2146 expressa
1613 2058 1997 2124 nominatim
2041 2066 2109 2124 et
2137 2055 2529 2144 singillatim,
2568 2063 2637 2120 et
2670 2054 2742 2119 in
2775 2053 2908 2119 fine
2946 2073 3101 2118 cum

685 2159 1084 2227 extinctione
1132 2161 1546 2226 candelarum
1609 2161 1880 2228 dicendo
1948 2165 1991 2198 “
2018 2160 2101 2228 fix
2165 2161 2249 2226 fia
2314 2158 2398 2224 fix
2466 2156 2719 2223 amen.''
2822 2154 3099 2236 Quinto,

688 2262 865 2349 quod
907 2261 990 2327 de
1037 2261 1366 2326 intestinis
1407 2271 1476 2328 et
1516 2261 1930 2328 interioribus
1980 2263 2292 2349 gallorum
2344 2257 2772 2341 daemonibus,
2810 2267 2887 2323 ut
2930 2277 3099 2344 prae·

687 2363 992 2445 mittitur,
1049 2362 1556 2444 immolatorum,
1613 2387 1761 2430 cum
1822 2364 2207 2452 quibusdam
2265 2361 2597 2430 vermibus
2652 2357 3097 2440 horribilibus,

686 2466 906 2533 herbis
932 2465 1149 2546 variis,
1179 2487 1254 2530 ac
1283 2464 1478 2530 etiam
1506 2467 1832 2552 unguibus
1877 2477 2303 2548 mortuorum,
2333 2464 2619 2532 crinibus
2661 2463 3100 2551 posteriorum

692 2566 916 2633 crebro
946 2575 1016 2632 et
1056 2565 1290 2653 pannis
1332 2588 1682 2653 puerorum
1726 2567 2177 2634 decedentium
2224 2566 2365 2632 sine
2404 2564 2758 2652 baptismo,
2797 2587 2873 2631 ac
2901 2565 3101 2631 etiam
3136 2561 3141 2565 ’

691 2667 832 2733 aliis
863 2664 1353 2734 detestabilibus
1372 2667 1885 2756 quamplurimis,
1911 2669 1982 2733 in
2009 2677 2179 2735 testa
2200 2667 2429 2757 capitis
2456 2665 2727 2732 latronis
2756 2665 3100 2752 cujusdam

690 2765 988 2832 decollati
1028 2787 1226 2853 super
1255 2762 1470 2852 ignem
1501 2767 1582 2832 de
1608 2767 1798 2855 lignis
1839 2789 2192 2854 quercuum
2236 2766 2511 2849 bullitis,
2537 2767 2751 2833 varios
2793 2768 3102 2834 foverunt

686 2867 1008 2954 pulveres,
1035 2875 1388 2953 unguenta,
1416 2873 1487 2930 et
1526 2864 1802 2951 pixides,
1823 2887 1905 2944 ‚ac
1933 2865 2127 2930 etiam
2154 2865 2453 2931 candelas
2498 2866 2579 2932 de
2606 2865 3003 2953 pinguedine
3029 2865 3102 2932 in

689 2966 866 3032 dicta
896 2975 1068 3031 testa
1092 2963 1326 3030 bullita
1353 2986 1499 3030 cum
1548 2963 1682 3031 suis
1711 2965 1904 3030 variis
1930 2964 2499 3048 incantationibus,
2528 2967 2612 3032 ad
2640 2965 3103 3033 concitandum

693 3089 945 3134 amores
975 3076 1043 3132 et
1071 3065 1242 3146 odia,
1271 3066 1354 3130 ad
1397 3065 1912 3134 interficiendum
1944 3090 2019 3134 ac
2046 3069 2241 3134 etiam
2271 3069 2353 3135 ad
2381 3069 3103 3158 affligendumcorpora

561 3155 571 3171 ’
691 3169 981 3235 fidelium
1026 3166 1547 3251 christianorum,
1577 3179 1648 3235 et
1673 3170 1796 3237 alia
1823 3169 2161 3237 innumera
2203 3170 2583 3258 optinenda.
2670 3171 2896 3253 Sexto,
2924 3171 3104 3261 quod

691 3271 809 3337 filii
857 3281 928 3337 et
970 3270 1120 3337 filim
1149 3280 1425 3357 quatuor
1466 3269 1844 3335 maritorum
1894 3268 2084 3335 dictoe
2113 3269 2393 3336 dominoe
2441 3268 2718 3357 publicis
2767 3269 3106 3356 instabant

691 3371 1082 3439 clamoribus
1149 3369 1323 3457 apud
1368 3370 1766 3458 episcopum,
1809 3370 2165 3436 remedium
2215 3379 2284 3437 et
2331 3371 2644 3437 auxilium
2693 3368 3111 3459 postulantes⁴

693 3482 920 3539 contra
945 3494 1112 3551 eam,
1139 3469 1397 3558 publice
1424 3490 1641 3534 coram
1683 3468 1930 3555 populo
1958 3468 2302 3555 allegantes
2331 3469 2509 3555 quod
2550 3468 2693 3556 ipsa
2730 3491 2850 3556 per
2874 3469 3109 3556 hujus-

691 3572 874 3638 modi
919 3572 1244 3660 sortilegia
1270 3581 1487 3660 patres
1531 3592 1756 3637 eorum
1799 3570 2114 3657 quosdam
2160 3570 2593 3651 interfecerat,
2635 3572 2953 3659 quosdam
3000 3572 3107 3651 in?

693 3674 1055 3740 fatuaverat
1087 3685 1156 3740 et
1184 3674 1266 3739 ad
1313 3684 1562 3740 tantam
1612 3696 1843 3741 sensus
1894 3672 2315 3740 stoliditatem
2362 3672 2636 3739 duxerat
2661 3675 2841 3759 quod
2884 3676 3106 3742 omnia

689 3774 866 3841 bona
893 3798 1012 3841 sua
1039 3775 1166 3842 sibi
1193 3786 1264 3843 et
1289 3777 1422 3843 filio
1452 3798 1574 3843 suo
1601 3775 1931 3857 dederant,
1961 3775 2045 3840 ad
2084 3784 2464 3862 perpetuam
2507 3774 2791 3840 filiorum
2836 3788 3105 3843 suorum

641 3878 644 3883 ’
693 3887 764 3942 et
790 3876 1124 3942 hoeredum
1155 3877 1791 3965 depauperationem,
1819 3876 1995 3943 unde
2025 3888 2093 3942 et
2118 3876 2218 3943 vir
2244 3878 2384 3964 ejus
2415 3878 2527 3964 qui
2549 3900 2727 3944 nunc
2756 3888 2879 3961 est,
2914 3879 3104 3947 miles

694 3979 1000 4045 dominus
1027 3979 1076 4045 J
1077 3980 1368 4046 ohannes
1414 3979 1477 4045 le
1517 3980 1761 4059 Power‚
1805 4000 1924 4065 per
1964 3978 2341 4065 hujusmodi
2387 3980 2690 4067 pulveres
2734 3990 2802 4050 et
2849 3980 3106 4068 pixides·

692 4104 768 4148 ac
795 4082 992 4148 etiam
1039 4082 1365 4169 sortilegia
1412 4082 1484 4148 in
1533 4082 1648 4148 tali
1699 4092 1876 4148 statu
1921 4082 2177 4169 positus
2220 4092 2346 4164 est,
2392 4082 2565 4171 quod
2617 4092 2797 4149 totus
2844 4093 2950 4149 est
2992 4106 3108 4150 ex·

695 4190 1022 4265 tenuatus,
1077 4184 1338 4269 ungulis
1392 4184 1710 4271 privatus,
1766 4194 1835 4251 et
1890 4193 2034 4249 toto
2092 4204 2360 4271 corpore
2415 4183 2763 4271 depilatus,
2821 4184 2939 4250 sed
2988 4206 3111 4273 per

695 4284 993 4349 ancillam
1022 4285 1349 4372 quandam
1391 4285 1686 4371 ejusdem
1729 4282 2011 4351 dominoe
2041 4283 2492 4371 praemunitus,
2520 4283 2754 4350 ablatis
2782 4284 3106 4355 violenter

695 4384 984 4451 clavibus
1042 4386 1351 4451 cistarum
1401 4386 1592 4452 dictoe
1644 4384 1924 4451 dominoe
1972 4384 2053 4451 de
2104 4384 2403 4451 manibus
2454 4386 2750 4473 ejusdem
2807 4396 2875 4453 et
2924 4386 3109 4455 cistis

694 4487 958 4576 apertis,
990 4486 1244 4554 invenit
1271 4486 1484 4553 dictus
1531 4486 1716 4553 miles
1762 4508 1969 4552 unum
2012 4509 2267 4553 saccum
2308 4487 2579 4575 plenum
2607 4488 2691 4555 de
2726 4488 3110 4577 hujusmodi

693 4587 1112 4655 horribilibus
1162 4599 1230 4655 et
1257 4586 1746 4659 detestabilibus
1797 4586 1868 4653 in
1918 4586 2184 4669 eisdem,
2229 4610 2421 4674 quem
2460 4610 2613 4655 cum
2661 4588 2947 4658 inventis
2990 4614 3113 4681 per

695 4712 927 4756 manus
971 4690 1251 4757 duorum
1297 4688 1738 4776 religiosorum
1791 4688 2196 4755 sacerdotum
2240 4690 2548 4778 episcopo
2590 4692 2961 4761 transmisit
2994 4714 3109 4765 su,-

692 4792 1006 4877 pradicto.
1117 4790 1436 4880 Septimo,
1509 4791 1686 4879 quod
1758 4788 1932 4857 dicta
2003 4790 2266 4859 domina
2335 4792 2701 4863 daemonem
2775 4794 3107 4883 quendam

685 1288 726 1344 2
791 1315 798 1323 ·
1027 1295 1536 1341 Pnocssnnmos
1567 1295 1884 1340 AGAINs'r
1915 1296 2124 1341 DAun
2157 1295 2379 1341 Amen
2414 1291 2759 1339 KYTRLEB

3744 725 3781 926 ξ

3704 927 3783 1083 3

3686 1081 3791 1720 21

3689 1547 3717 1864 ἶ
3788 1741 3791 1764 ,
