3867 6400
1562 1238 1574 1248 .
1649 1195 1799 1244 ron·
1821 1195 2176 1244 sonetur.
2404 1233 2419 1244 .
2758 1206 2770 1216 ·
3088 1185 3143 1262 7

683 1352 758 1420 in
805 1359 1150 1440 posterum
1181 1353 1548 1414 verteretur
1573 1345 1644 1412 in
1687 1346 1988 1431 dubium,
2022 1347 2119 1414 ait
2160 1349 2247 1415 ad
2292 1349 2690 1418 servientem
2706 1375 2729 1417 ι
2786 1355 2835 1392 “
2864 1352 3013 1435 Fili,
3043 1353 3141 1420 da

685 1453 880 1520 nobis
923 1447 1332 1516 autenticum
1361 1457 1554 1514 tuum
1582 1446 1667 1513 ad
1703 1447 2213 1537 inspiciendum,
2240 1459 2312 1517 et
2336 1450 2599 1540 plenius
2628 1453 3133 1520 deliberandum

685 1575 888 1642 super
925 1553 1072 1620 eo.”
1165 1550 1370 1619 Quod
1419 1572 1572 1616 eum
1621 1549 1979 1639 recepisset
2027 1549 2111 1616 ab
2162 1551 2423 1634 eodem,
2471 1552 2703 1620 dexia-a
2758 1577 2962 1620 manu
3018 1575 3133 1620 se-

687 1656 930 1726 oretius
979 1653 1282 1742 aperiens
1330 1652 1600 1719 bursam
1652 1673 1841 1720 suam
1893 1653 2195 1740 reposuit
2236 1651 2405 1719 illud
2448 1653 2519 1721 in
2566 1655 2819 1738 eadem,
2848 1656 3075 1723 dieens
3098 1679 3123 1722 ι

687 1765 732 1802 “
773 1757 1100 1838 Eamus,”
1149 1753 1388 1844 inquit,
1433 1759 1482 1793 “
1509 1752 1626 1836 fili,
1670 1754 1757 1820 ad
1809 1775 2135 1822 earcerem
2193 1778 2349 1823 eum
2402 1757 2864 1827 benedictione
2911 1760 3041 1828 Dei
3058 1761 3129 1826 Ρ·

701 1862 832 1930 Cui
889 1858 1184 1927 serviens
1203 1881 1224 1924 ε
1269 1861 1316 1895 “
1345 1855 1713 1944 Numquid,
1769 1855 2063 1939 domine,
2104 1856 2311 1926 vultis
2362 1883 2472 1929 me
2512 1862 2849 1930 autentieo
2891 1871 2963 1930 et
2998 1885 3135 1930 wa·-

699 1972 892 2030 ranto
923 1982 1074 2027 meo
1105 1959 1387 2048 spoliare
1403 1959 1474 2026 γ’
1561 1959 1657 2024 Ει
1697 1957 2045 2026 subridens
2074 1961 2427 2049 episeopus
2470 1963 2819 2050 respondit
2836 1989 2857 2030 ι
2916 1969 2961 2002 “
2989 1964 3142 2046 Fili,

699 2065 884 2133 istud
930 2061 1338 2129 autenticum
1369 2060 1716 2148 diligenter
1741 2061 2024 2149 portasti
2066 2073 2139 2128 et
2170 2062 2523 2130 ostendisti
2560 2063 2637 2130 in
2678 2064 3137 2131 testimonium
3202 2149 3211 2157 ο

696 2169 780 2236 de
823 2164 1148 2246 faciendo,
1177 2173 1250 2230 et
1286 2183 1412 2228 nos
1460 2184 1544 2229 ex
1593 2183 1774 2229 nune
1815 2161 1983 2228 illud
2038 2162 2388 2230 nobiseum
2430 2163 2841 2252 portabimus
2879 2185 2949 2233 et
2990 2167 3140 2234 dili-

690 2279 924 2358 genter
950 2263 1446 2362 custodiemus
1427 2287 1499 2331 ιιι
1529 2264 1983 2332 testimonium
2012 2265 2119 2332 de·
2127 2264 2524 2334 obediendo.
2525 2266 2569 2302 '³
2664 2267 2763 2334 Et
2789 2268 2884 2334 sie
2910 2291 3139 2336 versus

690 2371 914 2438 locum
943 2368 1218 2436 carceris
1247 2390 1396 2435 eum
1428 2367 1696 2456 capella,
1723 2367 1933 2454 equis,
1961 2366 2307 2449 hernesiis,
2346 2377 2419 2434 et
2444 2368 2588 2434 aliis
2618 2368 2837 2453 bonis,
2869 2371 3139 2438 insimul

699 2483 860 2540 sunt
885 2471 1186 2561 regressi.

777 2572 1304 2642 Transeuntibus
1355 2572 1554 2660 igitur
1599 2571 1696 2638 sie
1742 2569 2015 2638 insimul
2062 2593 2292 2638 versus
2342 2594 2691 2656 earcerem,
2735 2573 3013 2663 contigit
3058 2585 3138 2643 ut

693 2699 813 2766 per
833 2686 1096 2766 portam
1113 2674 1467 2740 transirent
1492 2673 1764 2763 hospitii
1793 2673 1864 2740 in
1886 2695 2021 2762 quo
2042 2673 2259 2741 dietus
2281 2675 2593 2742 dominus
2612 2677 2947 2744 Arnaldus
2974 2688 3135 2748 tuno

695 2778 1016 2866 temporis
1045 2777 1173 2844 fuit
1199 2776 1598 2863 hospitatus.
1656 2777 1750 2843 Et
1777 2775 1871 2842 ait
1899 2777 2191 2844 serviens
2218 2777 2305 2843 ad
2321 2776 2711 2867 episcopum
2733 2803 2755 2844 ι
2798 2785 2847 2820 “
2876 2782 3139 2850 Plaeeat

545 2921 552 2927 -
692 2880 911 2963 vobis,
938 2879 1229 2962 domine,
1255 2878 1686 2966 personaliter
1711 2879 1981 2961 intrare,
1996 2879 2105 2948 vel
2133 2878 2367 2946 saltem
2395 2879 2654 2968 aliquos
2674 2883 2761 2950 de
2786 2885 3139 2972 eapellania

693 2984 933 3050 vestris
953 2991 1072 3048 aut
1090 2981 1452 3048 domicellis
1479 2982 1943 3064 intromittere,
1963 2981 2047 3048 ad
2067 2979 2412 3048 dominum
2433 3005 2659 3051 meum
2688 2987 3144 3072 senescallum,

693 3096 765 3154 et
805 3085 1080 3174 gratiam
1123 3093 1346 3172 petere
1375 3082 1460 3149 ab
1489 3084 1722 3152 eodem
1765 3095 1845 3151 ut
1885 3105 2007 3172 per
2032 3091 2537 3170 manucaptores
2564 3087 2674 3154 'vel
2716 3087 3137 3176 fidejussores

697 3210 818 3278 per
843 3210 966 3255 vos
994 3184 1254 3254 oblatos
1289 3195 1360 3253 et
1401 3185 1710 3256 inventos
1749 3186 1833 3254 ad
1877 3185 2415 3276 respondendum
2444 3210 2668 3256 eoram
2694 3212 2778 3258 eo
2808 3191 3003 3259 eertis
3031 3192 3141 3261 die

695 3302 767 3359 et
819 3290 969 3357 loeo
1020 3298 1196 3355 stare
1240 3288 1511 3376 possitis
1557 3301 1741 3357 extra
1781 3311 2129 3371 eareerem,
2178 3299 2250 3356 et
2300 3290 2569 3358 interim
2618 3294 2813 3361 amici
2862 3290 3141 3364 metare

693 3401 1011 3483 poterunt
1039 3392 1212 3458 inter
1229 3414 1353 3459 vos
1383 3392 1468 3459 de
1495 3394 1676 3480 pacis
1703 3392 2167 3461 reformatione
2184 3392 2256 3460 θ’
2332 3394 2463 3460 Cui
2486 3395 2879 3484 episeopus·
2922 3400 2969 3437 “
2992 3398 3143 3481 Fili,

697 3506 774 3565 tu
811 3495 1048 3562 melius
1093 3494 1276 3561 nosti
1309 3495 1488 3583 quod
1526 3517 1576 3591 ⁸-
1585 3505 1728 3589 ‚tem
1733 3517 1890 3582 pore
1917 3494 2330 3562 fundationis
2376 3495 2685 3565 eoelesiae
2698 3498 2829 3565 Dei
2872 3500 2947 3565 in
2995 3499 3145 3588 Hy-

695 3599 946 3680 bernia,
976 3597 1448 3685 archiepiscopi
1490 3607 1562 3665 et
1589 3598 1882 3686 episeopi
1933 3599 2059 3666 sub
2089 3599 2241 3667 Deo
2280 3608 2354 3667 et
2380 3600 2651 3668 domino
2693 3612 2927 3669 nostro
2970 3622 3146 3690 papa

692 3704 831 3791 regi
851 3701 1106 3789 Angliae
1124 3700 1193 3766 in
1210 3700 1684 3788 temporalibus
1703 3711 1861 3769 sunt
1880 3701 2206 3789 subjeefi3
2246 3702 2429 3769 unde
2446 3704 2647 3771 euriis
2670 3698 2990 3773 eomitum
3013 3726 3136 3773 seu

699 3804 1021 3873 baronum
1049 3802 1122 3869 in
1151 3803 1334 3869 nullo
1365 3802 1565 3869 modo
1594 3804 1906 3885 tenentur
1933 3802 2356 3890 respondere,
2384 3826 2539 3871 eum
2582 3806 2655 3871 in
2694 3800 3144 3895 spiritualibus

703 3904 1072 3995 superiores
1101 3915 1172 3971 et
1213 3906 1495 3991 majores
1525 3914 1596 3971 et
1631 3904 1702 3970 in
1733 3904 2205 3993 temporalibus
2250 3916 2411 3971 sunt
2435 3904 2673 3975 vieini.
2721 3904 2901 3976 absit
2942 3906 3147 3997 igitur

701 4017 784 4076 ut
809 4007 1160 4095 episeopus
1206 4006 1332 4073 sub
1359 4006 1481 4074 alis
1526 4019 1954 4075 saerosanetae
1986 4008 2164 4076 sedis
2206 4006 2587 4095 apostolieoe
2630 4004 2945 4114 nutritus,
2981 4010 3145 4077 edu·

699 4118 911 4192 eatus,
961 4118 1032 4175 et
1088 4118 1456 4197 promotus,
1497 4110 1568 4175 in
1612 4110 2001 4198 episcopum
2016 4107 2137 4175 ad
2192 4104 2415 4198 partes
2470 4104 2666 4177 istas
2692 4103 3143 4195 transmissus,

697 4224 838 4281 tam
906 4211 1386 4299 perniciosum
1377 4211 1542 4277 aliis
1600 4212 1789 4278 terrae
1837 4212 2221 4299 proceribus
2278 4208 2573 4299 praebeat
2616 4213 3018 4301 exemplum,
3064 4223 3146 4280 ut

701 4314 1050 4401 episcopos
1093 4323 1163 4379 et
1189 4312 1354 4379 alios
1395 4313 1706 4402 praelatos
1749 4315 2041 4382 eeclesioe
2082 4337 2204 4404 per
2230 4308 2732 4382 attachiationes
2759 4313 2869 4379 vel
2909 4336 3147 4380 manu-

702 4414 1041 4502 eaptiones
1071 4414 1156 4481 ad
1203 4438 1357 4482 suas
1394 4416 1660 4483 trahant
1699 4417 1911 4484 curias
1963 4418 2309 4498 seculares,
2352 4412 2513 4503 quin
2555 4416 2782 4505 potius
2810 4408 3149 4483 earcerein

700 4516 910 4604 magis
940 4515 1161 4583 subire
1191 4516 1522 4601 volumus,
1544 4519 1650 4586 vel
1679 4530 1960 4587 mortem
1990 4519 2049 4585 si
2071 4529 2393 4607 oporteat,
2420 4528 2773 4605 antequam
2802 4515 3145 4584 eeclesiam

701 4616 839 4689 Dei
883 4639 1196 4705 sponsam
1241 4619 1514 4686 seculari
1557 4620 1981 4709 subjiciamus
2015 4619 2341 4701 servituti,
2384 4618 2667 4685 maxime
2694 4640 2849 4685 eum
2876 4639 3145 4685 eausam

699 4718 860 4787 fidoi
885 4718 1245 4787 habeamus
1273 4720 1345 4787 in
1377 4723 1700 4807 manibus,
1728 4724 1917 4811 eujus
1946 4720 2235 4810 eognitio
2263 4720 2350 4786 ad
2378 4717 2724 4787 dominum
2766 4728 2963 4787 tuum
3004 4742 3157 4788 non·
