3867 6400
1679 1207 1822 1273 roa
1851 1229 2207 1276 sones-ar.
2390 1235 2398 1244 ·
2456 1241 2469 1248 -
2556 1243 2563 1250 ·
2647 1240 2712 1251 -·
2780 1245 2787 1250 -
3124 1211 3175 1272 8

716 1371 950 1440 habuit
986 1372 1324 1456 incubum,
1353 1399 1393 1440 a
1421 1397 1554 1464 quo
1581 1378 1886 1464 cognosci
1913 1379 2257 1446 carnaliter
2286 1401 2358 1446 se
2384 1376 2729 1466 permittit,
2761 1377 2871 1465 qui
2896 1376 3173 1442 ‘Filium

715 1476 900 1542 Artis
945 1499 1018 1543 se
1055 1478 1212 1544 facit
1257 1479 1590 1566 appellari,
1629 1491 1698 1547 et
1739 1481 2088 1569 aliquando
2138 1480 2473 1548 Robinum
2516 1481 2725 1548 filium
2762 1471 2987 1561 Artis3
3037 1477 3171 1566 qui

717 1579 915 1644 etiam
951 1581 1342 1669 quandoque
1381 1580 1510 1648 sibi
1549 1593 1820 1670 apparet
1847 1585 1918 1650 in
1964 1583 2181 1672 specie
2209 1583 2361 1665 cati,
2388 1583 2777 1671 quandoque
2818 1583 2885 1649 in
2931 1581 3170 1670 specie

715 1681 894 1746 canis
943 1681 1114 1769 nigri
1156 1693 1225 1748 et
1255 1683 1473 1770 pilosi,
1503 1684 1892 1772 quandoque
1920 1685 1992 1752 in
2046 1685 2264 1774 specie
2293 1685 2631 1771 cujusdam
2665 1683 2975 1770 aethiopis
2994 1706 3167 1750 cum

719 1781 992 1859 duobus,
1037 1784 1236 1852 sociis
1307 1784 1456 1874 ipso
1515 1787 1871 1874 majoribus
1927 1799 1999 1855 et
2052 1786 2478 1876 longioribus,
2535 1807 2813 1874 quorum
2872 1785 3165 1880 quilibet

717 1884 966 1970 virgam
1008 1886 1282 1952 ferream
1321 1897 1560 1974 ‚portat
1607 1889 1676 1955 in
1726 1888 2071 1973 manibus,
2138 1890 2247 1956 cui
2290 1889 2488 1966 etiam
2534 1909 2605 1954 se
2652 1897 2721 1954 et
2760 1887 2981 1954 omnia
3027 1910 3165 1953 sua

719 1987 1113 2069 committit3
1158 2011 1197 2055 a
1237 2011 1370 2077 quo
1411 1990 1610 2057 etiam
1655 2013 1884 2058 omnes
1929 2015 2082 2058 suas
2134 1991 2397 2059 divitias
2442 2001 2509 2058 et
2552 2013 2631 2058 ea
2667 2011 2815 2077 quae
2855 1989 3168 2084 possidet

719 2089 1040 2177 recepisse
1070 2113 1143 2158 se
1169 2091 1599 2178 recognoscit.
2638 2107 2645 2112 ·
2984 2109 2993 2127 ²

732 2260 741 2268 ,
811 2190 1072 2258 Quibus
1118 2193 1428 2260 omnibus
1477 2193 1764 2261 inventis
1813 2215 1932 2281 per
1976 2194 2125 2261 illos
2173 2195 2287 2283 qui
2335 2193 2406 2260 in
2452 2193 2723 2261 crimine
2772 2202 2930 2260 sunt
2970 2216 3163 2260 com·
3212 2175 3220 2182 ’

717 2294 1069 2382 participes
1121 2307 1192 2370 et
1232 2296 1420 2378 alios,
1465 2296 1728 2385 scripsit
1767 2297 2120 2386 episcopus
2150 2297 2403 2364 domini
2448 2296 2617 2384 regis
2662 2295 3038 2363 cancellario
3078 2295 3163 2362 in

723 2395 1086 2482 Hybernia,
1114 2407 1195 2462 ut
1235 2399 1438 2465 moris
1467 2409 1591 2480 est,
1629 2422 1750 2487 pro
1779 2400 2081 2488 captione
2113 2401 2433 2468 dictarum
2482 2421 2905 2486 personarum
2948 2397 3161 2485 pesti-

719 2497 1023 2564 ferarum.
1114 2498 1316 2566 Quod
1359 2500 1772 2588 perpendens
1815 2502 1989 2568 filius
2019 2503 2187 2590 ejus,
2218 2503 2399 2568 dives
2429 2500 2625 2566 nimis
2656 2509 2725 2566 et
2756 2509 3160 2591 praepotens,

719 2600 1094 2668 willelmus
1125 2601 1463 2684 Owtlawe,
1507 2603 1830 2692 regalibus
1873 2629 1947 2674 se
1978 2605 2260 2672 contulit
2287 2615 2355 2670 et
2382 2604 2525 2670 aliis
2568 2613 2758 2668 terrae
2802 2601 3161 2683 nobilibus,

721 2703 966 2770 amicos
1010 2704 1138 2771 sibi
1179 2705 1426 2772 faciens
1465 2707 1548 2772 de
1592 2730 1968 2775 mammona
2009 2707 2393 2794 iniquitatis.
2484 2707 2672 2773 Inter
2698 2729 2864 2795 quos
2908 2705 3163 2772 cancel-

720 2804 923 2870 larius
965 2808 1138 2895 regis
1183 2811 1709 2898 consanguineus
1754 2811 1912 2878 dicti
1940 2811 2285 2892 willelmi,
2330 2808 2581 2878 scilicet
2620 2809 2820 2876 frater
2860 2809 3161 2895 Rogerus

724 2905 1062 2991 Owtlawe,
1096 2911 1182 2977 de
1219 2913 1451 2979 ordine
1493 2913 2061 3001 hospitalariorum
2113 2913 2323 2980 sancti
2350 2913 2399 2979 J
2400 2911 2701 2992 ohannis,
2745 2921 2815 2978 et
2854 2909 3161 2977 dominus

721 3008 1052 3084 Amaldus
1095 3011 1158 3080 le
1189 3014 1490 3096 Pouwer,
1535 3015 1926 3094 senescallus
1960 3015 2356 3097 Kilkenniae,
2398 3016 2711 3103 episcopo
2754 3013 3157 3103 sai-ipserum

704 3111 970 3199 ‘litteras
1001 3114 1479 3200 deprecatorias
1509 3117 1792 3182 multum
1821 3116 2135 3204 speciales
2166 3117 2251 3182 ad
2278 3115 2837 3205 supersedendum
2865 3115 2937 3181 in
2964 3136 3161 3182 causa

723 3216 830 3282 vel
886 3218 1086 3283 etiam
1145 3219 1711 3287 dissimulandum.
1804 3220 2066 3288 Quibus
2117 3242 2271 3287 cum
2328 3220 2753 3305 responderet
2802 3217 3147 3306 episcopus

726 3318 902 3404 quod
928 3318 1001 3385 in
1031 3342 1228 3387 causa
1254 3330 1393 3387 tam
1421 3320 1625 3387 ardua
1651 3322 1823 3388 sicut
1850 3331 1955 3388 est
1982 3344 2181 3389 causa
2208 3321 2363 3387 fidei
2388 3320 2519 3387 hoc
2546 3320 2730 3388 nullo
2760 3320 2959 3387 modo
2987 3328 3161 3387 esset

723 3420 1117 3503 faciendum,
1167 3423 1512 3509 respondit
1553 3422 1971 3491 cancellarius
2016 3421 2199 3511 quod
2246 3422 2446 3513 breve
2490 3420 2813 3510 captionis
2863 3443 3000 3489 non
3042 3420 3163 3491 ob-.

723 3521 966 3589 tineret
1015 3546 1138 3611 pro
1167 3524 1440 3605 eisdem,
1485 3526 1696 3613 donec
1738 3526 1910 3592 facto
1950 3524 2218 3612 publico
2264 3544 2577 3612 processu
2620 3520 3162 3595 excommunicati

725 3634 952 3691 essent
976 3647 1097 3713 per
1125 3626 1552 3715 quadraginta
1581 3629 1742 3697 dies.
1830 3628 1960 3695 Cui
1990 3626 2367 3717 episcopus,
2408 3632 2454 3667 “
2470 3627 2685 3709 Alia?
2714 3626 2949 3713 inquit,
2977 3630 3023 3666 “
3048 3626 3158 3693 via

725 3727 1049 3797 tractandi
1106 3740 1266 3796 sunt
1318 3730 1612 3799 haeretici
1668 3754 1866 3820 quam
1921 3730 2185 3799 aliunde
2236 3728 2784 3797 excommunicati
2803 3754 2823 3795 ε
2887 3752 3041 3795 nam
3096 3729 3157 3797 si

701 3828 1130 3916 perpendere
1151 3830 1413 3917 possint
1433 3832 1722 3899 haeretici
1748 3854 2096 3920 processus
2126 3831 2415 3899 ecclesiae
2438 3841 2667 3899 contra
2684 3830 2891 3919 ipsos,
2911 3829 3162 3917 fugient

727 3930 815 3996 ad
858 3940 1079 4017 partes
1105 3932 1262 3997 alias
1311 3932 1456 4000 sine
1484 3954 1689 4014 mora,
1731 3943 1800 3999 et
1837 3933 1967 4000 hoc
2008 3932 2081 3999 in
2131 3956 2441 4021 magnum
2490 3932 2872 4001 scandalum
2911 3940 2980 3999 et
3006 3931 3161 3999 fidei

725 4033 1090 4120 periculum
1141 4034 1387 4122 poterit
1421 4034 1846 4103 redundare.”
1936 4034 2094 4116 Sed,
2120 4034 2249 4101 hiis
2296 4057 2433 4102 non
2471 4033 2914 4114 obstantibus,
2956 4031 3159 4099 breve

729 4136 982 4225 regium
1023 4158 1147 4224 pro
1189 4138 1495 4227 captione
1535 4138 1891 4206 eorundem
1919 4162 1961 4204 a
1987 4136 2368 4205 cancellario
2412 4159 2549 4204 non
2592 4136 2813 4227 potuit
2839 4134 3155 4203 obtinere.

735 4239 980 4306 Citavit
1005 4237 1204 4327 igitur
1231 4242 1582 4330 episcopus
1612 4241 1855 4309 dictam
1883 4239 2223 4308 dominam
2250 4240 2530 4308 Aliciam
2574 4240 2646 4307 in
2676 4238 2875 4306 domo
2903 4236 3021 4303 filii
3056 4235 3163 4304 sui

731 4342 1050 4409 Willelmi
1094 4342 1413 4429 praedicti‚
1454 4343 1573 4411 ubi
1619 4354 1780 4411 tunc
1823 4341 2127 4431 degebat,
2172 4364 2294 4431 per
2334 4342 2505 4409 duos
2564 4340 2965 4431 apparitores
3010 4360 3163 4405 cum

733 4445 1162 4535 sacerdotum·
1191 4446 1444 4513 solenni
1477 4446 1802 4515 comitiva.
1891 4447 2062 4515 Quae
2088 4446 2249 4513 licet
2275 4444 2583 4513 citatione
2610 4452 2787 4512 esset
2809 4450 3161 4529 praeventa,

733 4544 903 4633 fugit
951 4555 1176 4613 tamen
1235 4548 1459 4615 statim
1507 4548 2032 4636 jurisdictionem
2079 4547 2369 4617 eeclesia
2426 4546 2500 4613 in
2558 4568 2753 4614 causa
2798 4541 2953 4609 fidei
3006 4562 3163 4607 con·

734 4648 1161 4733 tempnendo.
1246 4648 1764 4737 Verumptamen
1809 4649 1916 4716 die
1958 4650 2073 4717 illo
2120 4673 2250 4737 quo
2281 4649 2458 4716 dicta
2486 4648 2753 4715 domina
2792 4662 3167 4731 comparere

738 4747 1040 4843 debebat,
1105 4750 1416 4839 praefatus
1484 4750 1922 4843 cancellarius,
1986 4752 2185 4818 frater
2246 4752 2543 4839 Rogems
2604 4746 2928 4829 Outlawe,
2988 4744 3169 4812 misit
