3867 6400
45 703 380 720 ------—-
404 686 3786 750 -w-QQQ
3801 673 3825 765 Α

1425 1329 1628 1393 ‘iton
1659 1327 2019 1394 sonesti.
2148 1326 2161 1337 '
2320 1329 2329 1336 '
2854 1321 2942 1391 ‘21

525 1489 837 1580 episcopo
853 1481 1222 1562 ‘memorato
1245 1484 1442 1582 super
1459 1496 1730 1563 crimine
1747 1496 2020 1564 haeresis
2041 1505 2112 1564 et
2131 1497 2448 1583 relapsus.
2512 1493 2643 1562 eui
2658 1479 2941 1582 benigne

519 1606 599 1662 et
617 1595 900 1682 gratiose
921 1597 1175 1679 annuit,
1199 1596 1466 1664 viriliter
1487 1619 1606 1685 pro
1627 1598 1758 1665 fide
1781 1621 1854 1664 se
1874 1620 2243 1686 opponens.
2331 1597 2466 1665 Sed
2488 1619 2623 1664 non
2642 1595 2947 1663 obstante

529 1696 862 1784 diligentia
881 1696 1177 1785 episcopi
1204 1699 1553 1784 personali,
1571 1721 1648 1766 se
1676 1699 1876 1764 etiam
1905 1721 2177 1766 suorum
2206 1697 2589 1765 clericorum
2618 1705 2688 1764 et
2712 1719 2949 1786 procn-

527 1809 842 1879 ratorum,
871 1798 1090 1865 literas
1127 1808 1350 1865 tamen
1391 1800 1596 1886 regias
1639 1822 1762 1888 pro
1791 1798 2097 1888 captione
2126 1799 2321 1866 dicte
2348 1785 2578 1866 Alicio
2610 1822 2946 1897 nunquam

525 1901 746 1987 potuit
787 1900 1108 1988 optinere,
1146 1899 1354 1968 donec
1397 1901 1724 1966 mediante
1767 1901 2079 1968 citatione
2128 1901 2201 1966 in
2244 1899 2512 1988 publico
2556 1903 2943 1969 consistorio

527 2001 862 2068 Dublinioe
890 2001 1080 2083 facts,
1109 2024 1306 2089 quam
1349 2002 1566 2069 dictus
1594 2002 1905 2070 dominus
1935 2003 2223 2070 decanus
2244 2003 2673 2090 personaliter
2700 2002 2941 2070 ibidem

529 2102 984 2190 deprehendit,
1013 2125 1210 2170 csusa
1235 2103 1502 2170 hoeresis
1531 2102 1838 2171 omnibus
1883 2114 2063 2172 esset
2104 2104 2450 2192 patefacte,
2479 2112 2549 2169 et
2577 2105 2949 2193 supradicte

525 2203 830 2272 hoeretica
857 2228 1092 2272 manus
1121 2207 1410 2274 ecclesia
1437 2206 1638 2274 libere
1667 2207 1750 2274 de
1779 2207 2044 2274 civitate
2062 2205 2395 2276 Dubliniae
2425 2205 2945 2294 subterfugisset.
3079 2285 3086 2292 ,

529 2306 811 2392 Rogavit
851 2307 1050 2394 igitur
1091 2308 1440 2396 episcopus
1491 2308 1832 2376 dominum
1882 2309 2321 2396 justiciarium
2374 2307 2755 2396 Hyberniae,
2798 2317 2951 2376 cen·

526 2408 881 2490 cellarium,
923 2411 1418 2494 thesaurarium,
1445 2423 1516 2478 et
1541 2423 1810 2479 ceteros
1840 2412 1924 2479 de
1955 2410 2229 2479 consilio
2259 2411 2511 2478 domini
2552 2411 2743 2498 regis,
2772 2411 2950 2498 quod

525 2511 597 2576 in
641 2510 1041 2598 adjutorium
1094 2511 1248 2578 fidei
1301 2512 1690 2580 Christianae
1735 2513 1805 2580 in
1855 2513 2143 2580 transitu
2186 2535 2415 2580 eorum
2462 2535 2584 2600 per
2620 2513 2949 2580 civitatem

529 2611 904 2679 Kilkennioe
933 2636 1130 2678 sunm
1157 2613 1514 2701 benignum
1541 2613 1832 2703 praebere
1860 2615 2109 2682 vellent
2136 2615 2458 2697 auditum,
2486 2636 2572 2680 ne
2598 2613 2949 2680 adversarii

526 2714 836 2797 ecclesioe,
865 2715 978 2803 qni
1012 2715 1254 2782 divites
1301 2725 1458 2782 sunt
1485 2725 1554 2782 et
1593 2725 1926 2804 potentes,
1967 2715 2144 2782 aliud
2186 2724 2539 2803 suggerant
2580 2715 2774 2802 regim
2810 2737 2949 2782 ms·-

516 2816 742 2902 jestati
786 2839 984 2902 quam
1027 2816 1494 2884 denunciatum
1543 2817 1632 2884 sit
1659 2815 1953 2884 ecclesia
1982 2827 2052 2884 et
2092 2816 2439 2883 inventum
2482 2815 2567 2882 de
2606 2835 2943 2905 processu.

530 2917 658 2984 cui
699 2917 980 3006 benigne
1010 2929 1088 2984 ut
1113 2919 1215 2984 vir
1241 2917 1597 2985 catholicus
1649 2917 1884 2984 annuit
1917 2917 2345 3004 justiciarius,
2387 2925 2458 2984 et
2499 2916 2795 3004 ejusdem
2834 2913 2951 2982 ad-

523 3013 798 3086 'ventum
828 3020 1157 3088 concessit
1183 3021 1254 3086 in
1281 3019 1580 3107 proximo
1611 3021 1996 3086 affutumm.

611 3121 948 3215 Episcopo
977 3122 1196 3212 igitur,
1239 3133 1316 3188 ut
1356 3121 1751 3210 proedicitur‚
1777 3122 2103 3188 existente
2133 3122 2310 3210 apud
2353 3119 2739 3188 Dubliniam
2782 3120 2950 3188 circo
3086 3117 3091 3120 ⁶

533 3227 796 3315 negotia
853 3226 1008 3292 fidei
1080 3235 1152 3293 et
1207 3224 1518 3305 ecclesioe,
1570 3224 1716 3311 ipse
1786 3223 1973 3289 misit
2028 3223 2561 3290 commissionem
2620 3223 2946 3310 quandam

521 3326 780 3395 officiali
804 3324 1096 3393 Ossoriae
1113 3334 1183 3391 et
1199 3323 1458 3391 duobus
1488 3324 1628 3390 aliis
1658 3323 1908 3390 clericis
1927 3323 2353 3411 jurisperitis,
2372 3314 2458 3389 ad
2484 3322 2945 3411 inquirendum

521 3438 590 3496 et
645 3427 1175 3515 investigandum
1231 3426 1301 3493 in
1357 3448 1554 3517 cauas
1609 3426 1766 3493 fidei
1821 3436 2055 3493 contra
2109 3426 2453 3493 boereticos
2530 3434 2949 3491 memoratos.

528 3531 830 3598 Quorum
876 3527 1256 3597 commissio
1299 3550 1452 3594 cum
1493 3527 1562 3593 in
1597 3528 1989 3595 consistorio
2034 3528 2107 3594 in
2157 3528 2431 3595 ecclesia
2478 3516 2834 3595 cathedrali
2880 3536 2951 3595 et

526 3631 831 3719 capitulis
880 3630 1205 3699 ruralibus
1248 3631 1418 3697 lecta
1447 3622 1622 3697 esset
1649 3639 1720 3698 et
1737 3631 2109 3750 patefacte,
2139 3630 2367 3697 statim
2415 3629 2797 3695 mandatum
2842 3638 2945 3695 est

521 3755 641 3821 per
667 3734 945 3820 majores
989 3732 1363 3821 reipublicoe
1407 3742 1692 3799 rectores
1735 3732 1806 3798 in
1837 3732 2113 3799 Ossoris
2156 3730 2465 3799 omnibus
2510 3720 2947 3797 servientibus

521 3856 643 3922 per
671 3844 888 3901 totum
915 3834 1324 3915 comitatum,
1353 3828 1448 3902 ad'
1484 3834 1834 3922 praedictos
1877 3834 2148 3901 clericos
2178 3834 2571 3922 capiendum
2612 3843 2683 3901 et
2708 3833 2949 3901 carceri

527 3937 902 4003 Kilkenniae
947 3936 1476 4024 mancipandum.
1563 3936 1884 4025 Praecepit
1911 3936 2112 4003 etiam
2153 3938 2507 4025 praedictus
2555 3936 2947 4003 senescallus

521 4038 795 4157 proefato
841 4038 1210 4107 vicecomiti
1260 4049 1329 4104 et
1355 4038 1690 4105 willelmo
1737 4032 2045 4134 Outlawe
2096 4038 2470 4125 supradicto
2518 4036 2723 4119 laicis,
2766 4028 2947 4123 quod

523 4140 652 4227 ipsi
680 4141 1110 4228 procederent
1137 4149 1207 4206 et
1233 4138 1635 4255 inquirerent
1668 4138 1740 4204 in
1771 4128 1971 4205 causa
1998 4139 2153 4205 fidei
2181 4140 2266 4207 de
2294 4138 2664 4227 sortilegiis,
2694 4138 2754 4203 si
2780 4138 2949 4240 forte

520 4264 676 4311 vera
703 4251 927 4310 essent
954 4264 1102 4330 qum
1129 4263 1248 4329 per
1275 4240 1656 4328 episcopum
1699 4249 1889 4307 erant
1930 4253 2259 4328 suggests.
2350 4240 2489 4311 Qui
2540 4253 2739 4307 suam
2769 4230 2946 4307 com

522 4345 906 4413 missionem
969 4344 1355 4411 inchoantes
1412 4343 1484 4408 in
1541 4342 1806 4410 civitate
1866 4344 2265 4425 Kilkennioe,
2320 4343 2718 4411 dimiserunt
2772 4342 2947 4410 cives

522 4444 818 4535 ejusdem
863 4446 935 4513 in
983 4455 1119 4513 tres
1162 4454 1406 4533 partes,
1435 4454 1566 4511 tres
1594 4445 1909 4513 facientes
1957 4446 2437 4533 inquisitiones,
2467 4434 2741 4533 quarum
2770 4432 2946 4532 qure-

521 4550 686 4616 libet
728 4549 1066 4637 inquisitio
1113 4548 1486 4635 singillatim
1523 4556 1595 4614 et
1634 4548 1899 4635 publice
1939 4560 2215 4616 matrem
2266 4546 2425 4615 dicti
2454 4546 2769 4614 willalmi
2812 4538 2947 4611 uns

519 4673 672 4717 cum
722 4671 840 4715 sex
886 4648 1219 4716 sodalibus
1271 4651 1408 4716 suis
1457 4642 1780 4738 sortilegis
1829 4642 1902 4729 in
1950 4673 2145 4717 causa
2173 4650 2348 4732 fidei,
2374 4663 2454 4719 ut
2498 4651 2943 4741 praemittitur,

523 4750 867 4819 manifeste
911 4752 1171 4821 notavit
1213 4764 1284 4819 et
1325 4752 1614 4821 foedavit.
1703 4752 1908 4822 Quod
1948 4752 2183 4819 videns
2229 4752 2445 4820 dictus
2472 4742 2834 4821 vicecomes
2875 4762 2949 4820 et

507 4851 806 4921 ministri
834 4852 1156 4939 ejusdem,
1181 4854 1566 4923 auctoritate
1591 4853 1861 4943 propria
1886 4849 1957 4921 et
1976 4854 2135 4921 dicti
2164 4854 2501 4923 senescalli
2528 4855 2961 4944 pauperiores.
