3867 6400
719 1412 760 1477 4
1060 1429 1570 1478 rnocnnnmos
1600 1427 1924 1475 Aoamsr
1954 1425 2167 1472 nAur.
2198 1427 2424 1503 Amor.
2458 1426 2805 1473 xit-renna

723 1581 1139 1671 quamplures
1187 1581 1540 1646 advocatos
1591 1576 1856 1646 clericos
1915 1599 2097 1659 suos,
2146 1577 2259 1665 qui
2308 1585 2379 1644 et
2424 1575 2686 1664 publice
2731 1577 3153 1643 defensarunt

725 1684 1000 1751 eandem
1051 1691 1121 1749 et
1164 1682 1531 1769 allegarunt
1574 1682 1749 1768 quod
1799 1680 1872 1746 in
1923 1679 2192 1746 crimine
2236 1688 2371 1745 tam
2419 1679 2786 1746 detestabili
2836 1678 3007 1746 sicut
3047 1686 3153 1744 est

727 1785 970 1852 crimen
999 1783 1268 1850 hoeresis
1297 1806 1434 1850 non
1466 1783 1811 1850 tenebatur
1839 1782 1985 1870 ipsa
2010 1781 2457 1869 personaliter,
2486 1781 2604 1847 sed
2647 1779 3010 1846 sufficiebat
3034 1801 3163 1866 per

727 1895 1216 1974 procuratorem
1260 1907 1654 1974 comparere.
1742 1883 2115 1971 Episcopus
2158 1883 2355 1970 igitur
2388 1883 2763 1950 convocatis
2805 1882 3050 1948 decano
3084 1890 3163 1948 et

714 1987 1015 2074 capitulo
1045 2010 1120 2054 ac
1149 1987 1350 2053 etiam
1393 1987 1747 2074 majoribus
1793 1987 1999 2053 totius
2030 1986 2183 2052 cleri
2226 1984 2353 2068 sui,
2381 1985 2461 2050 de
2494 1985 2767 2051 consilio
2796 1983 3151 2051 eorundem

727 2111 1076 2176 processus
1123 2087 1534 2154 continuavit
1565 2097 1792 2154 contra
1818 2109 1965 2153 eam
2010 2088 2081 2154 in
2125 2088 2337 2154 forma
2371 2085 2561 2173 juris.
2652 2086 2805 2154 Qua
2862 2085 3153 2166 tandem,

720 2189 892 2275 juris
935 2188 1164 2256 ordine
1205 2188 1276 2254 in
1307 2187 1612 2254 omnibus
1642 2187 2011 2272 observato,
2056 2189 2409 2255 solenniter
2436 2187 2995 2255 excommunicata
3036 2208 3160 2274 per

729 2291 1155 2378 quadraginta
1214 2291 1355 2356 dies
1407 2299 1475 2356 et
1530 2290 1832 2376 amplius,
1891 2290 2118 2357 citavit
2165 2291 2511 2379 episcopus
2567 2289 2778 2355 filium
2834 2288 3152 2374 ejusdem,

729 2392 976 2458 scilicet
995 2391 1334 2458 Willelum
1357 2392 1680 2474 Outlawe,
1702 2416 1900 2480 super
1919 2392 2189 2461 crimine
2205 2392 2493 2472 haeresis,
2511 2390 2911 2472 credulitate,
2931 2391 3153 2458 favore

728 2495 1184 2562 hoereticorum
1231 2504 1300 2561 et
1345 2496 1784 2582 receptatione
1817 2509 1889 2562 et
1934 2496 2315 2562 defensione
2363 2493 2707 2561 irretitum.
2793 2493 2995 2562 Quod
3038 2515 3157 2559 au-

727 2596 916 2663 diens
967 2597 1273 2662 dominus
1322 2597 1647 2662 Arnaldus
1697 2597 1759 2664 le
1813 2599 2111 2679 Pouwer,
2158 2597 2341 2677 baro,
2394 2596 2786 2662 senescallus
2835 2594 3153 2662 libertatis

729 2697 1128 2780 Kilkennioe,
1153 2697 1339 2764 venit
1373 2720 1523 2764 cum
1562 2698 1832 2765 domino
1859 2699 2195 2766 Willelmo
2237 2698 2321 2764 ad
2368 2696 2727 2786 prioratum
2770 2697 2853 2763 de
2884 2695 3155 2778 Kenles,

724 2797 842 2864 ubi
886 2800 1234 2888 episcopus
1281 2808 1678 2866 memoratus
1727 2818 1926 2888 super
1953 2799 2080 2866 hiis
2120 2809 2192 2868 et
2227 2800 2371 2866 aliis
2415 2809 2575 2880 tunc
2612 2798 2926 2886 temporis
2966 2787 3180 2864 suam*

727 2900 1156 2968 continuabat
1197 2901 1662 2969 visitationem.
1751 2902 1881 2969 cni
1927 2903 2127 2969 etiam
2176 2899 2716 2969 affectuosissime
2766 2899 3158 2988 supplicavit

727 3002 814 3067 ad
861 3001 1408 3068 dissimulandum
1457 3003 1564 3070 vel
1622 3005 2181 3091 supersedendum
2224 3005 2296 3070 in
2348 2995 2541 3070 causa
2584 3013 2965 3083 memorata,
3022 3023 3157 3069 ser-

725 3125 994 3170 monem
1042 3105 1428 3191 protrahens
1471 3107 1605 3174 fere
1632 3129 1840 3195 usque
1869 3108 1956 3173 ad
1998 3108 2281 3174 mediam
2328 3117 2614 3187 noctem,
2642 3105 2847 3171 multa
2874 3107 3155 3172 offerens

728 3215 798 3272 et
825 3207 1141 3293 ampliora
1167 3210 1582 3296 promittens.
1644 3210 1777 3277 Sed
1806 3234 1961 3276 cum
1991 3209 2338 3297 episcopus
2367 3208 2580 3275 eidem
2608 3208 2887 3275 finaliter
2915 3208 3160 3276 diceret

725 3307 902 3393 quod
949 3307 1020 3373 in
1059 3332 1258 3377 causa
1295 3310 1449 3377 fidei
1496 3333 1633 3377 non
1682 3310 1968 3377 audebat
2006 3334 2130 3378 nec
2156 3308 2424 3376 volebat
2465 3310 2896 3390 dissimulare,
2941 3311 3165 3378 dictus-

723 3408 1059 3476 Arnaldus
1103 3422 1260 3497 post
1299 3413 1509 3478 multa
1548 3412 1830 3480 convitia
1873 3422 1943 3479 et
1971 3411 2321 3499 obprobria
2362 3412 2673 3500 episcopo
2714 3411 2894 3478 illata
2943 3412 3155 3479 minas

726 3508 994 3575 tandem
1021 3512 1438 3596 gravissimas
1466 3513 1676 3580 eidem
1717 3514 2111 3589 intentavit3
2154 3523 2224 3581 et
2250 3514 2321 3581 in
2350 3514 2633 3580 crastino
2664 3535 2923 3580 summo
2944 3537 3159 3598 mane,

728 3610 976 3677 scilicet
1003 3612 1110 3679 die
1140 3614 1404 3695 Martis,
1447 3623 1604 3702 post
1631 3614 2132 3683 celebrationem
2174 3616 2544 3682 divinorum
2590 3614 2958 3703 egrediente
2986 3616 3161 3704 epis·

730 3733 899 3799 copo
927 3714 1290 3800 prioratum
1319 3716 1402 3781 ad
1431 3716 1941 3783 continuandam
1972 3740 2159 3783 suam
2186 3717 2631 3785 visitationem
2658 3717 2730 3783 in
2758 3719 3051 3805 partibus
3074 3719 3159 3787 de

735 3813 1066 3895 Clomore,
1091 3814 1162 3881 in
1211 3816 1344 3883 fine
1373 3818 1544 3885 villoe
1585 3818 1670 3885 de
1711 3818 1963 3886 Kenles
2012 3819 2295 3887 occurrit
2335 3818 2645 3907 episeopo
2686 3842 2839 3887 cum
2873 3820 3160 3890 loricatis
3262 3804 3279 3814 ’

737 3916 1004 4003 quidam
1054 3918 1461 4002 domicellus,
1514 3921 1780 3989 nornine
1833 3922 2209 4010 Stephanus
2264 3921 2329 3989 le
2378 3924 2673 4005 Pouwer,
2724 3922 3011 3992 serviens
3055 3926 3162 3993 vel

731 4013 1016 4083 ballivus
1059 4016 1236 4083 illius
1287 4030 1602 4087 contratoe
1645 4022 1715 4088 in
1744 4022 2021 4100 Ossoria
2058 4045 2205 4111 quoe
2240 4024 2589 4111 vulgariter
2628 4024 2894 4093 Ouerke
2939 4027 3165 4115 appel·

731 4114 927 4183 latur.
1019 4118 1154 4185 Qui
1182 4120 1566 4207 episcopum
1612 4122 1683 4187 in
1735 4133 1939 4189 strata
1980 4123 2243 4212 publica
2270 4126 2639 4213 aggreditur
2681 4126 2751 4193 in
2799 4127 2980 4195 hunc
3020 4151 3165 4196 mo-

737 4216 897 4281 dum
920 4239 941 4281 a
1013 4222 1058 4257 “
1087 4219 1441 4302 Domine,”
1489 4221 1724 4309 inquit,
1775 4228 1822 4263 “
1867 4225 2197 4313 episcope,
2242 4248 2363 4314 pro
2406 4227 2580 4293 malo
2632 4251 2769 4295 non
2823 4228 3118 4296 habeatis
3138 4253 3165 4299 x

736 4314 1058 4382 habemus
1102 4319 1318 4406 aliqua
1362 4322 1550 4389 vobis
1596 4324 1808 4392 dicere
1852 4326 2137 4394 multum
2193 4327 2387 4395 nobis
2430 4324 2861 4417 displicentia,
2904 4342 3167 4417 oportet

738 4426 962 4482 tamen
989 4418 1200 4485 facere
1222 4421 1401 4507 quod
1427 4422 1620 4489 nobis
1643 4436 1746 4493 est
1759 4426 2171 4514 injunctumz
2198 4428 2517 4496 habemus
2547 4430 2724 4497 enim
2751 4431 2823 4497 in
2839 4433 3164 4502 mandatis

739 4517 827 4582 ad
869 4516 1262 4606 capiendum
1305 4532 1375 4588 et
1411 4522 1896 4592 attachiandum
1940 4550 2289 4614 personam
2316 4541 2625 4613 vesu-am,
2668 4552 2820 4597 cum
2860 4532 3167 4602 omnibus

740 4618 938 4684 bonis
964 4620 1204 4687 vestris
1248 4632 1320 4689 et
1348 4624 1621 4706 catallis,
1663 4636 1733 4693 et
1760 4628 2135 4696 ducendum
2166 4631 2248 4696 ad
2292 4631 2627 4718 prisonam
2668 4632 2863 4700 castri
2892 4634 3169 4703 Kilken·

741 4719 937 4786 niae.”
1025 4720 1155 4788 Cui
1184 4724 1575 4813 episcopusz
1620 4732 1667 4767 “
1698 4729 1849 4808 Fili,
1878 4731 2027 4818 quis
2059 4733 2243 4799 dedit
2269 4732 2392 4799 tibi
2418 4732 2599 4801 istud
2640 4733 2715 4801 in
2756 4736 3078 4805 mandatis
3094 4738 3165 4805 θ’

747 4818 878 4886 Cui
906 4822 1195 4891 serviens
1213 4850 1234 4892 ε
1278 4829 1325 4864 “
1353 4828 1750 4913 Dominus‚'’
1777 4831 2017 4920 inquit,
2046 4838 2091 4873 “
2118 4856 2326 4918 meus,
2355 4836 2663 4903 dominus
2686 4839 3033 4919 Arnaldus,
3063 4862 3168 4907 se·

743 4922 1064 4991 nezanu-
1105 4927 1314 4995 totius
1353 4928 1772 5001 comitatus.”
1860 4933 1993 5001 Cui
2029 4935 2376 5027 episcopus
2396 4962 2417 5005 ε
2471 4944 2515 4980 “
2558 4939 2787 5009 Habes
2830 4950 2907 5009 tu
2950 4962 3071 5028 pro
3102 4950 3167 5009 te
