3867 6400
831 1398 876 1470 8
1182 1405 1692 1456 rnocaanmos
1721 1403 2045 1450 Aoamsr
2074 1401 2287 1448 mura
2321 1399 2546 1446 Amce
2580 1397 2932 1446 xri-nanu

835 1559 1118 1649 pertinet
1145 1559 1282 1625 ullo
1303 1557 1506 1624 modo
1531 1557 1602 1622 in
1630 1556 1839 1622 forma
1856 1553 2092 1641 juris.”
2182 1549 2311 1619 cui
2340 1549 2633 1617 serviens
2650 1575 2673 1616 a
2716 1551 2763 1588 “
2796 1548 3021 1614 Placet
3048 1543 3264 1627 vobis,

834 1661 1117 1741 domine,
1154 1669 1234 1724 ut
1271 1679 1394 1746 ego
1442 1655 1866 1744 personaliter
1903 1653 2141 1721 vadam
2184 1653 2271 1718 ad
2315 1651 2679 1738 petendum
2728 1649 2999 1716 nornine
3042 1655 3263 1715 vestro

829 1763 1100 1852 gratiam
1147 1760 1440 1828 istam?
1527 1760 1622 1826 Et
1661 1757 2001 1846 respondit
2040 1756 2433 1843 episcopuse
2507 1757 2555 1792 “
2584 1753 2768 1834 Non,
2808 1751 2946 1818 filie
2990 1771 3149 1816 nam
3184 1769 3269 1814 ex

828 1863 970 1950 lege
995 1873 1215 1930 vestra
1257 1861 1456 1950 regali
1504 1883 1588 1928 ex
1628 1857 2103 1927 consuetudine
2146 1853 2411 1936 tenetis,
2455 1853 2513 1919 si
2542 1851 2694 1940 quis
2734 1861 2969 1940 captus
3011 1849 3120 1917 vel
3167 1857 3271 1915 at-

833 1965 1158 2032 tachiatus
1209 1963 1574 2052 capientem
1623 1961 1728 2028 vel
1782 1959 2247 2026 attachiantem
2307 1953 2573 2034 deserit,
2621 1953 2802 2042 apud
2858 1951 3108 2020 curiam
3158 1971 3267 2018 re-

833 2067 1006 2156 giam
1061 2089 1186 2156 pro
1226 2067 1445 2134 felone
1499 2065 1816 2146 habetur3
1881 2073 1959 2130 tn
2000 2061 2201 2143 enim,
2244 2059 2418 2126 sicut
2462 2057 2775 2138 diximus,
2816 2053 3271 2122 excommuni-

833 2179 1016 2236 catus
1059 2193 1132 2237 es
1174 2191 1328 2237 cnm
1365 2179 1482 2234 tua
1523 2167 1802 2254 sequela,
1845 2174 1915 2232 et
1958 2163 2265 2231 dominus
2308 2171 2467 2228 tuus
2511 2158 2822 2226 similiter
2835 2183 2858 2240 ς
2902 2159 3073 2224 forte
3128 2157 3187 2223 si
3227 2178 3267 2222 a

831 2271 1026 2338 nobis
1047 2271 1378 2338 recederes
1400 2269 1724 2357 poenitens
1745 2288 1878 2333 non
1900 2267 2165 2346 redires,
2190 2275 2259 2332 et
2280 2265 2695 2352 imponerent
2714 2258 2911 2328 nobis
2933 2259 3266 2326 maliciose

829 2372 1178 2440 adversarii
1205 2371 1496 2438 ecclesiae
1520 2371 1740 2458 fugam
1759 2369 1862 2436 vel
1881 2367 2343 2449 desertionem,
2366 2374 2437 2432 et
2464 2364 2615 2430 ideo
2632 2383 3027 2451 quocunque
3042 2361 3268 2445 vadas,

831 2474 1078 2561 absque
1129 2472 1330 2540 dubio
1377 2483 1444 2540 te
1490 2468 1900 2556 sequemur.''
2000 2467 2129 2534 cui
2174 2465 2321 2535 iliez
2378 2469 2422 2503 ‘⁶
2466 2463 2870 2530 Maledictus
2922 2461 3011 2528 sit
3057 2460 3265 2530 homo

830 2574 940 2642 ille
980 2594 1101 2661 per
1127 2595 1324 2661 quem
1359 2569 1682 2638 dissensio
1727 2567 1855 2634 ista
1891 2567 2065 2634 inter
2102 2565 2411 2633 dominos
2455 2585 2643 2632 meos
2686 2573 2795 2631 est
2837 2563 3159 2630 seminata
3194 2573 3267 2632 et

832 2686 1092 2743 tantum
1147 2673 1524 2742 scandalum
1581 2680 2001 2760 procuratum
2026 2669 2090 2736 1³³
2177 2669 2273 2734 Et
2331 2669 2427 2736 ait
2483 2667 2752 2756 quidam
2808 2665 3122 2734 loricatus
3180 2667 3265 2734 de

833 2776 1184 2846 comitibus
1212 2775 1371 2843 dicti
1398 2773 1737 2842 servientis
1755 2797 1776 2838 ε
1825 2777 1868 2811 “
1891 2772 2176 2840 Fortiter
2199 2771 2401 2838 trahit
2422 2771 2533 2861 ille
2562 2768 2934 2836 dextrarius
2963 2791 3263 2856 magnus,

833 2903 1027 2968 quem
1063 2877 1440 2946 Willelmus
1481 2875 1780 2944 Outlawe
1830 2872 2101 2940 domino
2159 2893 2311 2939 meo
2357 2871 2651 2938 Arnaldo
2708 2869 2925 2958 pridie
2979 2893 3267 2959 praesen·

836 2983 1023 3065 tavit,
1050 3003 1135 3049 ex
1161 3003 1294 3069 quo
1321 2979 1406 3046 ad
1437 2999 1756 3046 carcerem
1797 2977 2183 3065 episcopum
2228 2987 2532 3044 nostrum
2560 2974 2809 3042 trehitz
2854 2997 3131 3061 magnus
3159 2974 3269 3042 ille

835 3093 906 3151 et
948 3083 1282 3151 inauditus
1331 3090 1439 3150 est
1481 3080 1792 3148 tractus?
1879 3078 2009 3145 Cui
2062 3079 2280 3144 dictus
2330 3078 2623 3146 serviens
2678 3075 2905 3144 statim
2946 3075 3269 3166 imposuit

836 3183 1168 3255 silentium
1197 3191 1274 3249 ut
1301 3191 1570 3250 taceret.

918 3284 1284 3351 Venerunt·
1315 3282 1514 3369 igitur
1568 3283 1768 3349 simul
1837 3281 1922 3348 ad
1978 3304 2327 3365 carcerem,
2383 3282 2469 3349 ad
2531 3282 2721 3369 cujus
2794 3290 3057 3371 portam
3114 3304 3267 3349 cum

833 3386 1192 3467 venissent,
1211 3384 1558 3473 episcopus
1585 3384 1896 3451 familiam
1925 3407 2112 3451 suam
2138 3384 2593 3451 lacrimantem
2620 3382 2865 3451 blande
2894 3384 3267 3467 consolans,

832 3487 928 3553 ait
945 3510 966 3553 ε
1009 3490 1056 3525 “
1085 3484 1151 3551 N
1154 3507 1242 3552 on
1271 3485 1473 3552 debet
1503 3506 1648 3553 esse
1675 3484 1814 3551 dies
1856 3486 1987 3552 ista
2010 3485 2203 3553 vobis
2234 3486 2375 3553 dies
2416 3485 2639 3553 luctus
2668 3494 2742 3553 et
2781 3487 3105 3569 moeroris,
3150 3488 3267 3555 sed

833 3588 1040 3676 magis
1080 3586 1302 3675 gaudii
1344 3596 1414 3654 et
1454 3584 1964 3669 consolationis3
2014 3608 2169 3652 nam
2214 3586 2298 3653 ad
2342 3586 2660 3673 majorem
2696 3587 3025 3654 honorem
3068 3588 3266 3657 istam

831 3711 954 3777 pro
993 3689 1124 3756 fide
1153 3688 1402 3755 Christi
1451 3686 2026 3755 incarcerationem
2072 3685 2268 3753 nobis
2317 3698 2727 3774 reputamus,
2776 3712 2975 3777 quam
3022 3690 3268 3778 aliquid

833 3892 1249 3980 baptismatis
1305 3901 1564 3959 tantum
1613 3901 1888 3977 excepto
1948 3900 2018 3958 et
2074 3913 2347 3960 munere
2404 3902 2635 3961 nostro
2688 3894 3267 3964 consecrationis?

831 3996 929 4062 Et
975 3993 1072 4061 sic
1117 3993 1338 4061 locum
1383 3992 1656 4061 carceris
1695 3992 2096 4081 ingrediente
2142 3993 2455 4082 episcopo
2498 4004 2761 4061 tantum
2808 4018 2961 4063 cum
3006 3996 3269 4065 duobus

834 4096 1183 4185 capellanis
1227 4107 1300 4164 et
1325 4095 1581 4164 duobus
1609 4096 1752 4161 aliis
1791 4096 2135 4184 religiosis,
2165 4098 2388 4163 statim
2421 4096 2637 4165 dictus
2684 4098 2978 4167 serviens
3006 4101 3268 4169 custodi

833 4199 1102 4267 carceris
1146 4198 1341 4299 aliam
1393 4197 1778 4285 scripturam
1826 4198 2225 4266 autenticam
2274 4200 2554 4287 protulit
2601 4211 2674 4268 et
2716 4202 3009 4283 tradidit,
3053 4202 3266 4290 sigillo

838 4298 1161 4364 consimili
1203 4298 1361 4364 dicti
1403 4296 1652 4363 domini
1693 4296 1968 4363 Arnaidi
2022 4307 2104 4364 ut
2144 4298 2567 4386 praemittitur
2610 4300 2981 4389 sigillatam,
3022 4300 3093 4367 in
3137 4325 3269 4390 qua

838 4399 1155 4486 scriptum
1204 4407 1344 4464 erat
1370 4396 1548 4485 quod
1590 4396 1733 4483 ipse
1761 4418 2001 4484 corpus
2038 4398 2331 4487 episcopi
2380 4399 2451 4467 in
2482 4422 2809 4469 carcerem
2852 4402 3171 4490 reciperet
3197 4414 3269 4471 et

839 4500 1018 4567 salvo
1047 4499 1409 4567 custodiret
1434 4498 1644 4564 donee
1671 4497 1851 4563 aliud
1893 4500 2213 4587 receperit
2238 4501 2310 4567 in
2348 4502 2701 4569 mandatis.
2790 4503 3123 4570 Detentus
3161 4515 3273 4574 est

836 4602 1036 4690 igitur
1082 4602 1430 4689 episeopus
1471 4598 1542 4665 in
1593 4620 1846 4666 carcere
1892 4600 2104 4666 donec
2142 4610 2473 4668 transacta
2520 4614 2701 4670 esset
2748 4603 2891 4670 dies
2936 4604 3021 4671 ad
3070 4628 3269 4694 quem

839 4704 1076 4769 citatus
1133 4704 1348 4769 fuerat
1401 4712 1800 4769 memoratus
1845 4702 2244 4770 willelmus.
2334 4704 2535 4773 siluit
2589 4704 2789 4795 igitur
2832 4708 3105 4775 ecclesia
3126 4774 3137 4784 ,
3148 4731 3275 4799 per

837 4814 1043 4871 totam
1100 4803 1436 4886 diocesim,
1493 4804 1634 4871 sine
1691 4804 1908 4892 aliquo
1986 4805 2297 4873 mandato
2368 4828 2489 4893 per
2543 4807 2930 4896 episcopum
2998 4812 3277 4895 directo,

840 4904 1132 4973 districte
1179 4928 1442 4974 servans
1492 4906 1911 4976 interdictum
1976 4908 2170 4998 juxta
2222 4910 2505 4979 formam
2562 4910 2957 4999 decretalis,.
2986 4914 3063 4982 Si
3119 4915 3277 5002 quia

707 3848 712 3853 .
834 3791 1014 3877 quod
1065 3812 1380 3879 umquam
1425 3788 1624 3857 fuerit
1675 3788 1868 3856 nobis
1922 3790 2172 3856 factum
2228 3788 2301 3855 in
2350 3790 2489 3857 vita
2543 3801 2797 3873 nostra,
2858 3803 3266 3860 sacramento
3330 3792 3335 3797 ’
