3867 6400
1523 1365 1665 1414 ron
1695 1363 2049 1412 sonetur.
2896 1347 2983 1412 28

572 1505 864 1580 'ecclesioe
899 1511 1222 1599 judicium
1265 1514 1656 1582 terminetur
1683 1515 2047 1584 secundum
2076 1511 2581 1580 constitutiones
2622 1507 2895 1602 papales
2922 1523 2995 1582 et

576 1615 1042 1682 ecclesiasticas
1091 1613 1449 1697 libertates,
1488 1637 1763 1704 quarum
1811 1637 1948 1682 una
1984 1613 2417 1704 presentibus
2464 1623 2571 1682 est
2616 1617 2993 1704 conjuncta,

571 1716 1002 1784 accelerantes
1060 1715 1118 1783 si
1171 1715 1388 1804 placet
1440 1716 1822 1804 hujusmodi
1893 1717 2225 1804 negotium
2278 1717 2455 1800 fidei,
2511 1726 2581 1784 et
2634 1725 2989 1785 tractantes

577 1817 912 1902 secretius,
951 1839 1034 1885 ne
1081 1841 1198 1906 per
1239 1819 1642 1908 subterfugia
1683 1817 2066 1907 hujusmodi
2108 1840 2446 1906 personas,
2494 1817 2567 1884 in
2610 1820 2991 1886 scandalum

574 1919 730 1986 fidei
775 1933 846 1988 et
893 1921 1202 2006 ecclesio,
1249 1923 1426 2012 quod
1469 1923 1666 2005 absit,
1714 1920 2054 2010 contingat
2096 1920 2371 2009 evagari.
2460 1919 2545 1986 In
2592 1920 2781 2007 cujus
2830 1943 2991 2010 sup-

573 2021 952 2108 plicationis
1003 2025 1478 2107 testimouium,
1535 2025 1822 2113 sigillum
1879 2033 2181 2092 nostrum
2234 2019 2671 2110 praesentibus
2722 2031 2829 2088 est
2874 2045 2994 2111 ap-

573 2145 879 2212 pensum.
966 2127 1126 2194 Dat.
1154 2129 1330 2217 apud
1356 2129 1640 2212 Achetb,
1667 2129 1762 2216 vj·
1789 2127 1896 2195 die
1924 2126 2134 2210 Junii,
2159 2147 2335 2192 anno
2362 2122 2641 2192 Domini
2682 2123 2807 2190 M·.
2836 2129 2995 2193 ccc·-

667 2326 796 2394 Cui
823 2329 1020 2396 etiam
1048 2331 1279 2398 consui
1304 2331 1462 2400 fecit
1507 2342 1579 2401 et
1621 2332 1908 2422 appendi
1954 2328 2419 2419 transcfiptum
2464 2325 2643 2392 illius
2670 2323 2995 2392 constitu-

580 2426 783 2495 tionis
810 2440 996 2500 extra
1021 2433 1104 2500 de
1133 2433 1474 2518 hoereticis,
1515 2437 1617 2505 Ut
1642 2433 2087 2524 inquisitionis
2112 2430 2480 2519 negocium,
2507 2437 2636 2496 etc.
2722 2427 3001 2516 Scripsit

580 2541 652 2599 et
705 2532 928 2600 literas
984 2535 1356 2617 consimiles
1413 2549 1716 2627 patentes
1774 2537 2087 2626 magistro
2142 2533 2440 2602 waltero
2499 2530 2582 2597 de
2642 2528 2995 2616 Isteleppe,
3834 2551 3837 2608 ι

577 2633 978 2703 thesaurario
1005 2647 1076 2704 et
1101 2639 1358 2706 custodi
1393 2641 1715 2708 libertatis
1744 2639 2139 2722 Kilkenuiae,
2182 2635 2289 2704 cui
2328 2656 2451 2724 per
2474 2631 2719 2720 regiam
2756 2633 2995 2720 majes-
3562 2635 3580 2644 “
3834 2623 3837 2694 i

575 2743 782 2802 tatem
825 2746 895 2804 et
935 2737 1154 2806 literas
1203 2750 1502 2828 patentes
1549 2743 1862 2832 speciales
1905 2763 2063 2810 cura
2102 2739 2309 2806 totius
2352 2733 2703 2804 comitatus
2754 2733 2994 2800 tradita
3834 2717 3837 2786 ἶ

578 2838 707 2904 fuit
733 2839 1050 2926 specialia,
1080 2840 1204 2908 sub
1229 2843 1357 2910 bac
1381 2844 1592 2910 forma
1611 2869 1632 2910 ι
3834 2853 3837 2892 ¹

667 2945 710 2978 ‘⁶
756 2941 1099 3029 supplicat
1152 2953 1387 3012 vestra
1458 2968 1714 3032 magna
1771 2941 2169 3025 discretioni,
2236 2939 2504 3008 domiue
2558 2937 2855 3004 waltere
2910 2937 2996 3006 ‹le

583 3041 939 3130 Isteleppe,
987 3043 1384 3113 thesaurarie
1427 3046 1680 3115 domini
1725 3046 1940 3114 nostri
1988 3045 2158 3132 regis
2198 3040 2455 3129 Anglioe
2504 3039 2577 3107 in
2631 3039 2994 3128 Hybernis,

581 3145 782 3212 frater
811 3144 1126 3213 Ricardus
1155 3145 1286 3214 Dei
1313 3157 1384 3215 et
1408 3149 1783 3237 apostolica
1829 3147 2005 3215 sedis
2054 3144 2260 3235 gratia
2288 3141 2699 3211 Ossoriensis
2742 3143 2995 3233 episco÷

579 3270 734 3335 pus,
777 3269 928 3314 cum
971 3248 1260 3335 regimen
1309 3261 1379 3317 et
1405 3272 1562 3317 cura
1600 3250 1980 3338 principalis
2023 3246 2375 3315 comitatus
2416 3243 2813 3332 Kylkenniae
2856 3246 2995 3315 sive

582 3348 874 3417 Ossoriae
916 3371 1037 3436 per
1076 3348 1298 3415 literas
1341 3360 1644 3437 patentes
1689 3372 1773 3418 ex
1815 3347 2277 3417 commissione
2322 3344 2500 3433 regia
2540 3343 2625 3412 ad
2668 3367 2789 3413 vos
2839 3369 2990 3435 per-⁶

586 3450 815 3534 tineat,
861 3450 1132 3538 sitisque
1161 3452 1408 3518 astricti
1449 3452 1702 3520 ratione
1727 3450 2113 3540 hujusmodi
2154 3446 2349 3515 officii
2398 3446 2762 3513 secundum
2809 3470 2999 3517 sauc-

582 3564 802 3622 torum
829 3564 1090 3643 patrum
1117 3553 1420 3622 instituta
1435 3557 1521 3623 ad
1547 3556 2072 3645 investigandum
2087 3549 2607 3642 capiendumque
2630 3549 3001 3635 haereticos,

583 3656 833 3723 eisdem
859 3657 1219 3740 credentes,
1261 3658 1572 3742 fautores,
1613 3666 2073 3746 receptatores,
2100 3665 2171 3723 et
2197 3652 2573 3720 defensores
2617 3652 3001 3736 eorundem,

584 3782 737 3828 cum
793 3760 878 3827 ad
945 3762 1076 3829 hoc
1143 3782 1264 3849 per
1316 3762 1446 3830 loci
1501 3762 1924 3830 diocesanum
1980 3756 2291 3827 canonice
2347 3750 2600 3819 fueritis
2673 3752 2992 3841 requisiti,

588 3862 895 3950 quatinus
937 3862 1022 3929 ad
1069 3868 1366 3929 nostram
1408 3860 1928 3949 requisitionem,
1971 3880 2101 3947 qua
2140 3877 2260 3924 vos
2308 3848 2704 3939 requirimus
2752 3849 2826 3917 in
2866 3851 2999 3918 hiis

585 3960 869 4047 scriptis,
909 3960 1184 4027 Aliciam
1233 3958 1510 4046 Kyteler
1549 3968 1828 4026 matrem
1870 3954 2185 4024 Willelmi
2236 3952 2557 4033 Outlawe,
2586 3950 2998 4021 willelmum

587 4060 888 4129 Outlawe
937 4060 1147 4127 filium
1196 4057 1934 4147 ejusdem,Robe1-tum
1984 4057 2067 4123 de
2115 4052 2451 4121 Bristollia
2500 4050 2831 4135 clericum,
2871 4052 2997 4121 Jo-

369 4162 450 4193 “’·
583 4161 872 4229 hannem
929 4162 1316 4251 Galrussyn,
1365 4160 1774 4227 willelmum
1827 4160 2011 4249 Payn
2055 4157 2139 4225 de
2188 4154 2385 4241 Boly,
2435 4152 2859 4219 Petronillam
2910 4152 2995 4221 de

587 4264 822 4343 Midia,
877 4264 1101 4332 Saram
1157 4264 1360 4331 filiam
1417 4263 1734 4349 ejusdem,
1779 4261 2061 4328 Aliciam
2114 4278 2389 4325 uxorem
2440 4244 2721 4321 Heni-ici
2778 4254 2998 4339 Fabri,

585 4362 922 4431 Annotam
991 4364 1237 4451 Lange,
1306 4362 1586 4430 Elenam
1661 4361 2051 4447 Galrussyn,
2139 4354 2394 4445 Syssok
2466 4355 2856 4445 Galrussyn,
2926 4366 2999 4425 et

585 4463 800 4529 Evam
855 4464 939 4531 de
987 4464 1472 4542 Brouneatouu,
1531 4472 1776 4531 nostrae
1834 4458 2132 4542 diocesis,
2183 4479 2405 4526 coram
2460 4455 2655 4523 nobis
2710 4465 2993 4541 notatas,

587 4560 974 4643 diffamatas,
1015 4572 1086 4629 et
1109 4563 1530 4631 vehementer
1557 4569 1898 4650 suspectas
1939 4559 2024 4626 de
2063 4555 2411 4645 praedictis,
2438 4556 2584 4646 capi
2625 4557 2859 4640 facere,
2886 4557 2995 4625 vel

585 4684 707 4751 pro
736 4664 1092 4731 eorundem
1132 4663 1434 4750 captione
1461 4662 1832 4731 vicecomiti
1862 4659 2255 4751 Kylkenniae
2284 4660 2664 4748 ceterisque
2708 4659 2995 4727 servien-

588 4763 767 4830 tibus
796 4776 865 4831 et
889 4764 1143 4833 ballivis
1172 4766 1466 4854 ejusdem
1496 4766 1854 4833 districtius
1883 4764 2214 4848 mandare,
2238 4773 2320 4831 ιιι
2344 4762 2411 4830 i'n
2450 4783 2771 4831 carcerem
2798 4762 2998 4831 cesta-i

569 4866 962 4935 -Kilkennioe
989 4866 1304 4937 inducant
1321 4890 1444 4943 seu
1485 4868 1712 4937 induci
1751 4866 1995 4937 faciant
2020 4864 2286 4935 eosdem
2330 4864 2473 4933 sine
2500 4884 2727 4947 mors,
2747 4862 2995 4936 ibidem
