3867 6400
711 1419 794 1482 18
1041 1434 1552 1481 rnocnsmuos
1584 1434 1907 1481 asamar
1935 1435 2151 1480 mum
2183 1432 2409 1480 Amen
2444 1432 2793 1480 xva-nana

705 1583 1042 1651 dominum
1075 1593 1144 1650 et
1180 1593 1516 1672 potentem
1545 1589 1762 1653 coram
1808 1583 2003 1650 vobis
2052 1581 2188 1649 sint
2215 1583 2574 1671 proposita,
2600 1583 2875 1650 veritate
2901 1585 3123 1648 tamen‘

703 1708 838 1751 non
869 1686 1090 1752 omnia
1129 1685 1518 1753 fulciuntur:
1562 1685 1901 1774 privilegia
1936 1683 2113 1751 enim
2157 1684 2448 1751 ecclesiae
2486 1685 2694 1752 multa
2735 1694 2894 1751 sunt
2915 1683 3126 1765 valde,

705 1809 852 1874 quoe
888 1787 960 1853 in
1003 1810 1139 1854 una
1184 1810 1382 1875 parva
1411 1789 1657 1856 cartula
1697 1811 1836 1854 non
1884 1797 2160 1876 possent
2192 1788 2275 1853 de
2318 1787 2489 1853 facili
2534 1787 2943 1874 singulariter
2968 1808 3127 1852 con·

702 1890 917 1956 tineri.
1014 1889 1200 1956 Nulli
1256 1891 1451 1957 etiam
1508 1888 1785 1956 dubium
1841 1899 1947 1955 est
1996 1888 2177 1975 quin,
2238 1888 2411 1953 sicut
2452 1910 2639 1974 reges
2688 1897 2757 1954 et
2801 1886 3126 1975 principes

705 1991 934 2058 mundi
965 1991 1048 2058 ‹le
1093 1991 1232 2058 suis
1277 1991 1744 2080 temporalibus
1791 1989 2175 2077 disponunt,
2212 1989 2389 2076 leges
2431 1989 2729 2055 condunt
2765 1998 2835 2054 et
2862 1997 3128 2068 statuta,

705 2091 800 2158 sic
850 2102 922 2159 et
964 2093 1271 2160 dominus
1319 2102 1546 2160 noster
1587 2111 1781 2180 papa,
1832 2092 1946 2179 qui
1996 2100 2099 2158 est
2151 2089 2400 2157 Christi
2448 2089 2749 2172 vicarius,
2799 2090 3000 2156 libere
3044 2089 3130 2156 de

705 2193 1154 2281 spiritualibus
1180 2195 1382 2264 habet
1409 2197 1752 2283 disponere
1781 2205 1854 2260 et
1880 2203 2190 2275 statuere,
2220 2203 2289 2260 et
2317 2191 2599 2258 maxime
2626 2190 2697 2256 in
2726 2213 2925 2258 causa
2950 2190 3127 2272 fidei,

707 2298 1040 2384 quomodo
1087 2298 1326 2364 servari
1367 2297 1602 2365 debeat
1640 2305 1709 2362 et
1735 2295 1930 2379 tueri,
1958 2295 2065 2364 cui
2111 2294 2310 2361 etiam
2354 2302 2425 2360 et
2461 2313 2585 2358 nos
2624 2302 2693 2358 et
2718 2312 2839 2358 vos
2879 2312 3132 2373 omnes,

709 2419 896 2484 reges
925 2397 1122 2464 etiam
1151 2407 1220 2465 et
1245 2397 1594 2486 principes,
1620 2397 1888 2465 obedire
1917 2409 2240 2465 tenemur.
2328 2395 2530 2466 Quod
2550 2415 2707 2460 vero
2735 2393 2929 2460 tertio
2951 2393 3132 2480 dicit,

712 2499 890 2586 quod
932 2499 1017 2565 ad
1061 2509 1251 2574 terrae
1295 2510 1364 2567 et
1406 2509 1776 2568 vestrorum
1822 2501 2119 2567 omnium
2173 2499 2685 2566 diffamationem
2731 2521 2855 2565 vos
2904 2509 3135 2564 omnes

711 2600 988 2666 dicimus
1015 2601 1354 2668 haereticos
1371 2611 1442 2668 et
1459 2601 2083 2682 excommunicatos,
2106 2601 2289 2666 salva
2312 2621 2474 2686 pace
2496 2599 2664 2666 tanti
2686 2599 2809 2666 viri
2836 2609 2907 2666 et
2932 2609 3133 2666 tantae

710 2701 1044 2789 potentiae,
1075 2724 1212 2769 non
1239 2712 1344 2769 est
1366 2725 1634 2771 verum:
1681 2725 1818 2769 non
1848 2703 2027 2770 enim
2069 2702 2142 2768 in
2185 2701 2522 2768 infamiam
2562 2698 2889 2767 redundat
2926 2699 3137 2768 bono-

709 2824 859 2868 rum
889 2803 1066 2890 quod
1093 2803 1248 2870 mali
1275 2802 1444 2871 inter
1468 2803 1682 2872 bonos
1709 2805 2151 2884 inveniantur,
2197 2804 2327 2870 nisi
2356 2826 2396 2869 a
2420 2801 2618 2870 bonis
2644 2801 2715 2868 in
2744 2825 2865 2869 sua
2890 2802 3138 2869 malitia

710 2903 1058 2971 foveantur
1105 2915 1176 2972 et
1224 2915 1668 2994 protegantur.
1773 2907 1953 2973 Nam
2008 2907 2185 2973 inter
2232 2905 2479 2972 Christi
2529 2905 2887 2993 discipulos
2924 2905 2971 2972 J
2972 2905 3135 2971 udas

585 3057 592 3065 .
715 3004 1026 3073 inventus
1077 3016 1182 3074 est
1227 3007 1543 3095 proditor,
1589 3019 1660 3076 et
1701 3009 1878 3075 inter
1923 3009 2174 3076 multos
2224 3018 2487 3076 sanctos
2539 3007 2731 3074 multi
2780 3008 2935 3074 mali
2984 3015 3144 3073 sunt

713 3105 990 3189 inventi,
1019 3119 1088 3176 et
1115 3131 1236 3176 nos
1277 3109 1348 3174 in
1391 3121 1616 3178 nostra
1643 3111 1913 3193 diocesi,
1939 3111 2011 3176 in
2053 3109 2273 3177 medio
2302 3108 2663 3176 multorum
2705 3107 3035 3176 bonorum
3062 3117 3135 3176 et

707 3210 1062 3297 justorum,
1089 3210 1320 3277 nidum
1361 3235 1570 3279 unum
1611 3213 1987 3280 invenimus
2016 3212 2434 3293 diabolicum,
2463 3213 2823 3301 turpiorem
2852 3212 2966 3299 qui
3008 3233 3134 3277 un·

716 3334 914 3400 quam
955 3312 1026 3379 in
1069 3334 1269 3401 regno
1297 3336 1416 3381 seu
1443 3313 1736 3381 dominio
1765 3315 2019 3382 domini
2045 3314 2218 3401 regis
2247 3313 2506 3400 Anglioe
2536 3314 2626 3380 sit
2649 3313 3008 3394 inventus3
3049 3312 3137 3379 ad

717 3415 905 3500 cujus
977 3416 1428 3503 purgationem
1485 3439 1638 3483 cum
1704 3416 2233 3505 procederemus,
2290 3416 2464 3484 sieut
2519 3438 2603 3483 ex
2660 3414 2885 3483 debito
2943 3412 3140 3482 officii

718 3537 948 3582 sumus
999 3518 1266 3599 astricti,
1307 3517 1729 3585 adversitates
1773 3541 1914 3585 non
1951 3519 2241 3586 modicas
2283 3518 2463 3605 passi
2513 3540 2767 3598 sumus,
2807 3517 3137 3583 modernis

717 3618 1124 3706 temporibus
1173 3618 1539 3701 inauditas3
1589 3642 1820 3687 verum
1870 3630 2143 3707 propter
2190 3619 2555 3707 potentiam
2603 3628 2675 3686 et
2716 3618 2977 3685 divitias
3021 3618 3141 3685 ad·

715 3718 1147 3787 versariorum
1215 3720 1698 3809 pontificalibus
1767 3721 2009 3803 induti,
2067 3742 2310 3809 corpus
2369 3720 2617 3788 Christi
2679 3722 3004 3809 portando
3060 3721 3133 3789 in

717 3822 1046 3903 manibus,
1102 3844 1254 3889 cum
1308 3824 1822 3911 presbiterorum
1880 3832 1951 3890 et
2005 3822 2457 3909 religiosorum
2514 3846 2754 3911 magna
2809 3823 3139 3907 comitiva,

720 3924 1036 3990 auxilium
1085 3932 1298 4005 tuum,
1343 3924 1606 3991 domine
1650 3924 1965 4005 Arnalde,
2011 3924 2265 3992 ratione
2316 3924 2514 3992 officii
2562 3925 2665 3993 tui
2712 3925 2785 3991 in
2829 3924 2976 3993 loco
3022 3926 3143 3994 ubi

721 4024 951 4091 sedisti
995 4024 1315 4092 instanter
1355 4025 1850 4115 imploravimus
1895 4036 2125 4093 contra
2168 4026 2511 4094 haereticos
2560 4037 2978 4109 memoratos,
3024 4028 3143 4095 sed

722 4136 794 4194 et
838 4137 914 4194 tu
962 4126 1142 4194 nulla
1183 4128 1454 4195 creatori
1503 4138 1622 4195 tuo
1674 4129 1847 4195 facta
1890 4129 2275 4211 reverentia,
2326 4127 2669 4195 dominum
2726 4138 3026 4195 nostrum
3074 4139 3148 4197 et

728 4250 948 4317 regem
971 4231 1266 4298 omnium
1293 4252 1369 4297 ac
1395 4230 1592 4297 etiam
1623 4241 1879 4320 patrem
1908 4240 2099 4297 tuum
2116 4229 2504 4317 episcopum
2536 4251 2687 4295 cum
2714 4228 3053 4318 vituperiis
3076 4241 3148 4299 et

730 4331 1024 4397 tumultu
1043 4332 1325 4398 maximo
1353 4356 1394 4397 a
1413 4334 1576 4400 facie
1597 4343 1713 4400 tua
1733 4342 1920 4400 extra
1933 4331 2151 4425 aulam
2173 4332 2552 4419 judicialem
2582 4330 2863 4419 turpiter
2877 4333 3147 4419 ejecisti,

731 4430 1047 4497 auxilium
1090 4442 1279 4499 tuum
1320 4434 1608 4500 ecclesioe
1651 4434 1723 4500 in
1765 4457 1963 4501 causa
1990 4432 2146 4499 fidei
2192 4432 2458 4521 penitus
2503 4432 2907 4520 denegando,
2928 4434 3148 4520 jurare

729 4532 930 4600 etiam
979 4542 1406 4613 contemnens
1446 4533 1799 4621 requisitus
1837 4544 2041 4620 prout
2090 4534 2403 4600 eanonica
2431 4532 2685 4601 dictant
2725 4535 3050 4618 instituta,
3075 4538 3148 4605 in

731 4634 1091 4723 perniciem
1119 4633 1271 4700 fidei
1309 4642 1376 4699 et
1403 4633 1782 4700 scandalum
1820 4633 2051 4721 populi
2094 4634 2452 4716 infinitum,
2478 4645 2751 4722 propter
2779 4637 2955 4725 quod
2998 4661 3149 4707 sen-

732 4738 974 4804 tentias
1003 4760 1043 4803 a
1070 4758 1320 4805 canone
1347 4737 1511 4802 latas
1537 4758 1658 4825 per
1683 4736 1979 4803 medium
2006 4736 2241 4825 capitis
2272 4736 2370 4803 tui
2398 4746 2465 4804 te
2493 4738 2753 4829 noveris
2782 4739 3152 4834 incurrisse,

737 4860 862 4906 nec
916 4840 1141 4907 eredas
1201 4838 1540 4907 dominum
1609 4848 1915 4907 nostrum
1986 4838 2497 4906 sanctissimum
2535 4840 2785 4909 Christi
2838 4842 3151 4913 vicarium

739 4941 1118 5029 episcopum
1177 4940 1300 5009 sub
1345 4940 1464 5008 alis
1523 4948 1766 5009 sanctoe
1814 4942 2136 5009 Romanae
2189 4941 2475 5011 ecclesiae
2524 4942 2850 5013 nutritum
2898 4946 2985 5012 ad
3030 4968 3153 5015 vos
