3867 6400
74 707 541 737 *αι-*ωι-ορῖκν*

1472 1335 1477 1340 -
1521 1321 1666 1368 roa
1696 1321 2052 1406 sonetur.
2293 1337 2302 1346 ·
2895 1311 2980 1372 33

564 1468 979 1535 multitudine
1010 1490 1163 1535 cum
1207 1468 1431 1537 debita
1468 1472 1881 1540 solennitate.
1971 1474 2069 1540 Et
2105 1474 2249 1540 haec
2287 1483 2391 1542 est
2431 1473 2660 1561 prima.
2683 1474 2984 1562 sortilega

556 1567 861 1636 haeretica
930 1571 1106 1640 inter
1162 1581 1265 1639 tot
1321 1582 1393 1639 et
1449 1583 1669 1640 tantas
1727 1595 1873 1661 qum
1948 1596 2242 1662 unquam
2301 1573 2648 1642 combusta
2703 1575 2832 1641 fuit
2908 1575 2980 1641 in

554 1811 593 1844 .’
650 1771 943 1858 Septima
981 1774 1183 1862 igitur
1210 1777 1319 1844 die
1362 1775 1446 1844 ab
1496 1777 2012 1845 incarceratione
2063 1777 2356 1864 saepesati
2405 1779 2746 1861 willelmi,
2801 1779 2982 1846 misit

558 1871 703 1961 ipse
732 1875 814 1941 ad
836 1876 1219 1964 episcopum
1248 1887 1483 1966 petens
1512 1889 1591 1944 ut
1612 1879 1990 1967 dignaretur
2007 1877 2358 1967 episcopus
2388 1901 2538 1946 eum
2567 1881 2641 1946 in
2666 1881 2814 1948 loco
2840 1904 2980 1948 car·

562 1975 725 2040 ceris
748 1979 1173 2064 personaliter
1191 1980 1478 2047 visitare.
1569 1979 1723 2048 Quo
1742 2001 1895 2047 cum
1922 1980 2352 2068 pervenisset,
2371 1981 2585 2048 dictus
2605 1983 2974 2050 willelmus

551 2076 875 2164 ‚depositis
902 2079 1199 2146 vestibus
1243 2104 1463 2149 coram
1508 2081 1835 2169 episcopo-
1852 2093 1923 2148 et
1965 2103 2202 2168 mag-na
2229 2081 2384 2147 cleri
2427 2091 2498 2148 et
2532 2083 2766 2171 populi
2811 2084 2978 2151 mul-

560 2179 841 2248 titudine
880 2182 952 2260 in
982 2183 1146 2256 ‚luto
1190 2184 1575 2251 seminudus
1622 2206 1693 2249 se
1729 2193 2158 2271 prosternens
2198 2183 2405 2250 dixit=
2463 2187 2510 2223 ‘⁸
2537 2185 2737 2252 Pater
2775 2185 2868 2251 mi
2909 2197 2980 2252 et

558 2281 843 2365 domine,
890 2306 1237 2372 personam
1264 2295 1551 2354 vestram
1594 2297 1665 2352 et
1702 2285 2164 2372 paternitatem
2215 2307 2610 2374 recognosco
2652 2309 2760 2355 me
2809 2287 2980 2353 mul-

556 2383 864 2470 tipliciter
890 2387 1263 2468 offendisse,
1306 2399 1378 2455 et
1417 2397 1645 2456 contra
1683 2410 1807 2455 vos
1856 2409 2130 2469 errasse,
2178 2397 2449 2475 propter
2495 2389 2676 2475 quod
2721 2389 2811 2456 ob
2849 2389 2980 2458 Dei

555 2486 1060 2556 misericordiam
1089 2491 1344 2577 placeat
1369 2489 1559 2557 vobis
1589 2489 1721 2556 mei
1748 2490 2064 2572 misereri,
2094 2491 2246 2578 quia
2271 2499 2536 2578 paratus
2567 2513 2717 2558 sum
2756 2491 2981 2579 gratim

548 2599 789 2656 nestrae
816 2613 923 2658 me
952 2592 1361 2659 committere
1390 2603 1461 2660 et
1488 2592 1679 2660 vobis
1730 2593 2105 2658 satisfacere
2131 2613 2256 2679 pro
2285 2592 2602 2659 offensa?
2709 2592 2837 2674 Cui
2880 2614 2982 2659 re-

554 2692 825 2779 spondit
850 2693 1239 2782 episcopus:
1292 2700 1340 2735 “
1362 2695 1509 2779 Fili,
1538 2697 1703 2764 duas
1735 2706 1963 2763 sancta
1992 2703 2204 2760 mater
2231 2693 2502 2759 ecclesia
2523 2693 2729 2761 habet
2753 2705 2981 2761 contra

555 2804 622 2860 te
664 2817 913 2879 causas,
962 2819 1237 2884 quarum
1287 2821 1423 2864 una
1460 2798 1841 2866 immediate
1888 2797 2105 2884 tangit
2151 2817 2502 2882 personam
2550 2795 2682 2863 Dei
2723 2795 2836 2885 qui
2877 2807 2983 2865 est

557 2896 861 2964 dominus
889 2902 1208 2983 omnium,
1238 2902 1365 2969 alia
1394 2903 1606 2989 tangit
1646 2923 1998 2990 personam
2027 2898 2344 2988 episcopi,
2372 2898 2486 2985 qui
2527 2921 2757 2965 sumus
2784 2908 2986 2988 caput

553 2997 749 3065 istius
778 3001 1067 3074 ecclesias
1100 3002 1278 3087 (licet
1304 3003 1657 3090 immerito)
1692 3012 1764 3071 et
1789 3011 1982 3091 pater,
1999 3010 2157 3068 tuus
2187 2999 2566 3088 spiritualis.
2638 3001 2746 3067 De
2772 3001 2985 3088 prima

556 3100 806 3168 offensa
826 3113 901 3170 tu
928 3105 1097 3172 nihil
1121 3105 1447 3195 loqueris.
1431 3131 1448 3149 ·
1496 3106 1829 3193 quomodo
1860 3125 2016 3190 ergo
2044 3123 2395 3191 possemus
2437 3122 2584 3184 nos,
2613 3101 2727 3189 qui
2755 3125 2983 3170 sumus

556 3226 781 3271 servus
802 3206 1074 3290 inutilis,
1096 3208 1609 3275 satisfactionem
1630 3229 1754 3295 pro
1782 3207 2037 3273 offensa
2061 3204 2393 3293 personali
2421 3214 2647 3270 nostra
2675 3205 2982 3293 recipere,

556 3316 770 3374 stante
796 3310 1070 3383 offensa
1128 3310 1380 3378 domini
1428 3322 1498 3378 et
1548 3310 1678 3377 Dei
1738 3331 1982 3377 summi
1959 3309 2027 3375 ⁶?
2117 3308 2324 3375 Esset
2369 3307 2595 3395 utique
2643 3308 2806 3375 ordo
2855 3308 2982 3375 iste

554 3410 965 3499 retrogradus
1024 3421 1095 3483 et
1148 3412 1319 3480 male
1377 3420 1867 3479 commutatus·
1928 3411 2194 3478 satisfac
2249 3410 2540 3497 primum
2596 3409 2682 3477 de
2729 3410 2982 3477 offensa

552 3512 743 3579 Dei
724 3535 794 3578 m
838 3536 1032 3580 causa
1071 3514 1245 3596 fidei,
1274 3522 1345 3580 et
1393 3514 1819 3601 postmodum
1861 3512 2078 3600 quoad
2129 3513 2450 3581 offensam
2493 3523 2786 3579 nostram
2833 3534 2982 3600 per·

550 3616 841 3681 sonalem
890 3640 1027 3684 non
1066 3617 1359 3704 judicem
1387 3616 1508 3686 sed
1518 3626 1802 3704 :patrem
1842 3616 2143 3683 invenies
2186 3616 2347 3682 satis
2390 3615 2876 3682 misericordem
2912 3628 2984 3684 et

548 3718 933 3804 graciosum.
1022 3719 1481 3807 Spectaculum
1540 3741 1614 3788 se
1657 3720 1842 3786 dedit
1883 3719 2220 3787 Dominus
2271 3716 2572 3799 mundo„
2591 3718 2863 3804 angelis,
2913 3728 2983 3787 et

544 3820 930 3896 ,hominibus
950 3844 971 3886 z
1024 3843 1179 3894 nam
1220 3820 1292 3887 in
1321 3819 1743 3888 multitudine
1777 3821 2156 3890 divitiarum
2185 3828 2472 3901 tuarum,
2497 3818 2796 3909 potentia
2821 3820 2984 3886 ami-

547 3944 803 4003 corum,
846 3932 914 3989 et
954 3922 1306 4010 prudentia
1349 3945 1585 3990 sensus
1627 3932 1698 3989 et
1739 3924 1998 3991 consilii
2031 3923 2159 4005 tui,
2200 3921 2274 3989 in
2315 3931 2570 3988 tantam
2611 3921 2982 4007 superbiam

552 4045 625 4091 es
652 4024 883 4106 elatus,
908 4034 987 4091 ut
1012 4026 1225 4091 claves
1254 4024 1566 4106 eoclesioe,
1601 4022 2152 4112 jurisdictionem,
2181 4032 2255 4089 et
2281 4022 2434 4109 jura
2461 4030 2981 4109 contempneres,

545 4126 888 4195 haereticos
934 4130 1186 4209 fovens,
1226 4127 1615 4194 innocentes
1656 4124 2064 4215 opprimens,
2108 4134 2179 4192 et
2225 4124 2462 4190 noxios
2506 4122 2868 4208 dimittens,
2889 4136 2982 4201 ‚et

551 4252 699 4298 ecce
750 4231 932 4319 dedit
979 4241 1048 4300 te
1097 4232 1285 4297 Deus
1342 4242 1411 4299 et
1466 4230 1813 4297 consilium
1871 4239 2064 4295 tuum
2120 4228 2194 4294 in
2253 4224 2607 4315 reprobum
2667 4248 2942 4309 sensum
2957 4255 2980 4297 ι

552 4334 823 4401 tradidit
862 4343 928 4400 te
970 4334 1043 4399 in
1084 4355 1319 4399 manus
1380 4334 1643 4400 illorum
1685 4331 1801 4420 qui
1854 4324 2124 4397 divitias
2164 4339 2313 4396 tuas
2364 4338 2866 4417 contempnunt,
2915 4341 2986 4397 et

552 4436 914 4523 potentiam
964 4445 1148 4501 tuam
1191 4444 1262 4501 et
1303 4444 1571 4501 tuorum
1614 4433 1687 4499 in
1738 4455 1938 4500 causa
1984 4432 2143 4499 fidei
2191 4454 2331 4501 non
2380 4432 2639 4501 timent.
2728 4431 2812 4499 In
2850 4431 2982 4500 hoc

550 4537 789 4604 mirum
810 4548 915 4605 est
940 4560 1071 4625 qua
1096 4538 1315 4604 fronte
1338 4536 1849 4603 misericordiam
1876 4536 2077 4623 petis,
2097 4558 2186 4603 ex
2215 4534 2442 4623 quoin
2469 4544 2655 4601 tanta
2680 4535 2978 4623 potentia

551 4648 621 4704 et
661 4648 765 4705 tot
813 4640 1040 4705 officiis
1082 4638 1440 4727 majoribus
1478 4638 1731 4705 tociens
1772 4638 2178 4705 constitutus
2221 4657 2390 4720 eras,
2430 4646 2502 4703 et
2539 4660 2678 4703 non
2720 4646 2848 4715 est.
2871 4636 2978 4703 in·

541 4746 789 4818 :ventus
832 4736 955 4804 sub
985 4749 1101 4805 tua
1133 4739 1591 4827 jurisdictione
1618 4739 2051 4827 quiunquam
2093 4740 2164 4805 in
2195 4749 2556 4827 conspectu
2583 4749 2700 4805 tuo
2717 4738 2980 4805 miseri-

536 4838 836 4923 ²cordiam
878 4860 997 4905 seu
1037 4840 1308 4928 gratiam
1338 4843 1560 4930 potuit
1586 4842 1898 4911 invenire.
1985 4844 2120 4909 Tot
2147 4840 2532 4929 oppressisti
2575 4840 2980 4923 innocentes,

641 4958 871 5007 canu.
902 4934 1053 5006 soo‘.
1504 4968 1507 4973 ·
1654 4982 1663 4991 ·
2501 4964 2544 5009 r
