3867 6400
1406 1391 1549 1438 ron
1578 1391 1936 1439 soacenr.
2225 1423 2242 1434 .
2497 1392 2508 1400 ·
2791 1377 2878 1451 27

463 1562 609 1627 quoe
657 1540 853 1628 regim
890 1539 1175 1608 libertati
1222 1563 1359 1608 non
1404 1551 1772 1630 repugnant
1817 1541 2103 1609 libenter
2138 1543 2471 1631 juvabunt
2515 1542 2877 1626 ecelesiam,

464 1640 583 1708 sed
610 1643 762 1729 quia
781 1643 947 1710 tales
970 1645 1303 1732 captiones
1333 1653 1402 1710 et
1422 1645 1835 1714 detentiones
1864 1667 2397 1734 quarumcunque
2426 1641 2879 1734 personarum,

460 1743 589 1810 nisi
639 1744 920 1812 ministri
962 1748 1105 1833 ejus
1148 1758 1373 1835 captos
1418 1770 1538 1835 per
1564 1748 1842 1815 eandem
1888 1769 2010 1836 per
2039 1760 2536 1836 manucaptores
2564 1749 2672 1816 vel
2712 1749 2878 1815 fidei

453 1847 749 1934 jussores
794 1849 877 1916 de
905 1871 1157 1917 carcere
1200 1851 1462 1938 possint
1504 1851 1799 1932 liberare,
1850 1851 2195 1918 manifeste
2239 1863 2633 1940 repugnaret
2679 1851 2876 1940 regim

458 1950 744 2018 libertati
789 1974 866 2020 ac
915 1953 1109 2018 etiam
1163 1953 1643 2035 consuetudini,
1698 1963 1994 2042 propter,
2045 1951 2317 2036 dixerat,
2361 1954 2490 2021 hoc
2537 1977 2875 2043 nunquam

460 2052 627 2119 velle
670 2054 1040 2121 consentire
1082 2053 1323 2120 talibus
1367 2055 1782 2144 captionibus
1826 2066 1897 2122 et
1939 2055 2453 2122 detentionibus.
2537 2057 2634 2123 Et
2679 2055 2877 2144 super

458 2153 589 2220 hoc
616 2165 753 2221 tam
802 2155 945 2244 ipse
974 2178 1169 2243 quam
1197 2155 1397 2224 etiam
1440 2159 1789 2246 saepefatus
1832 2155 2252 2224 cancellarius
2289 2156 2727 2242 justiciarium
2773 2157 2878 2222 in-

456 2256 841 2341 formarunt,
898 2268 969 2326 et
1014 2282 1053 2325 a
1106 2258 1387 2346 pristino
1438 2258 1663 2326 debito
1718 2255 1944 2326 'favore
1990 2280 2106 2326 cor
2153 2259 2296 2347 ejus
2343 2257 2528 2346 quasi
2586 2258 2876 2326 totaliter

457 2369 854 2428 averterunt.
1778 2384 1785 2392 '

548 2460 683 2528 Ivit
725 2463 923 2550 igitur
966 2463 1357 2552 soepedietus
1410 2463 1831 2532 cancellarius
1874 2463 1962 2529 ad
2005 2463 2274 2530 domum
2323 2463 2680 2550 supradicti
2706 2461 2876 2529 wil-

453 2563 634 2630 lelmi
664 2565 988 2649 Outlawe,
1016 2576 1086 2634 et
1112 2567 1357 2634 ibidem
1402 2589 1475 2633 se
1502 2567 1659 2632 fecit
1682 2563 2029 2653 hospitari,
2058 2564 2342 2653 sigillum
2370 2567 2622 2652 regium
2652 2587 2876 2632 secum

454 2665 727 2748 habens,
756 2677 827 2734 et
852 2669 1100 2735 curiam
1142 2669 1535 2736 cancellariae
1562 2667 1755 2756 regim
1798 2667 2048 2734 ibidem
2091 2677 2346 2749 tenens,
2389 2691 2526 2735 non
2567 2665 2876 2734 obstante

458 2769 637 2854 quod
673 2769 830 2836 alibi
873 2770 943 2836 in
974 2771 1234 2837 civitate
1266 2770 1639 2838 Kilkennioe
1681 2770 2052 2859 hospitium
2094 2769 2367 2838 haberet
2393 2793 2477 2837 ex
2519 2779 2875 2836 eonsuetu-

457 2869 635 2953 dine‚
680 2880 751 2937 et
793 2870 1038 2940 ibidem
1082 2883 1218 2938 tam
1259 2873 1405 2960 ipse
1442 2896 1641 2961 quam
1688 2871 2134 2940 thesaurarius
2177 2894 2298 2938 sua
2334 2880 2691 2938 tenuerunt
2716 2892 2876 2938 con-

455 2971 650 3054 vivia,
714 2995 851 3040 non
911 2975 1053 3041 sine
1110 2974 1415 3042 scandalo
1474 2985 1609 3040 tam
1662 2973 1817 3041 cleri
1876 2995 2074 3061 quam
2129 2973 2380 3062 populi,
2430 2982 2510 3039 ut
2563 2971 2874 3040 omnibus

453 3085 710 3163 pateret
752 3077 937 3144 favor
965 3099 1161 3164 quem
1202 3076 1695 3166 impendebant.
1785 3076 1986 3145 Quod
2028 3098 2300 3144 cernens
2347 3075 2720 3166 episcopus,
2755 3095 2878 3162 per

453 3179 731 3246 nuncios
760 3179 1064 3247 solennes
1094 3180 1477 3268 saepefatum
1505 3179 1917 3246 Willelmum
1947 3175 2134 3245 citari
2174 3176 2331 3246 fecit
2359 3179 2444 3246 ad
2471 3176 2874 3266 responden·

454 3283 613 3348 dum
664 3304 884 3351 coram
926 3305 1007 3351 eo
1050 3284 1121 3350 in
1154 3305 1349 3350 causa
1387 3283 1679 3364 haeresis,
1720 3290 1791 3349 et
1816 3282 1962 3348 aliis
2011 3290 2091 3348 ut
2129 3282 2555 3370 praemittinn·
2583 3280 2709 3347 sibi
2751 3278 2873 3347 ob—

443 3385 660 3471 jectis.
750 3384 887 3455 Qui
910 3376 1185 3453 ’veniens
1215 3385 1300 3450 ad
1328 3384 1668 3451 ecelesiam
1708 3382 1922 3451 beatae
1957 3383 2194 3451 Μαι-ἴω
2219 3383 2514 3473 virginis,
2555 3406 2690 3451 una
2715 3405 2870 3451 cum

454 3488 632 3555 dicto
658 3486 1039 3556 cancellario
1068 3495 1138 3553 et
1173 3485 1601 3566 thesaurario,
1630 3478 1990 3552 elericisset
2017 3485 2350 3553 advocatis
2395 3485 2758 3553 eorundem
2797 3484 2872 3551 in

358 3596 404 3629 Ν
450 3610 687 3677 magna
722 3589 1166 3671 multitudine,
1200 3610 1319 3677 per
1346 3588 1764 3675 allegationes
1792 3598 1864 3654 et
1890 3610 2008 3655 ora
2037 3589 2504 3656 advocatorum
2529 3587 2868 3657 nitebatur

453 3714 526 3758 se
554 3692 746 3759 tueri.
832 3692 965 3760 Sed
1008 3692 1375 3781 episcopus,
1419 3700 1763 3780 expectato
1791 3691 2080 3758 adventu
2109 3690 2454 3777 justiciarii
2497 3700 2568 3757 et
2594 3691 2872 3758 aliorum
2981 3686 2990 3711 ⁸

450 3816 795 3881 procerum
840 3804 911 3861 et
950 3794 1271 3862 nobilium
1316 3802 1505 3860 terrm
1556 3792 1668 3881 qui
1718 3801 1907 3859 erant
1953 3792 2026 3858 in
2073 3792 2336 3861 civitate
2377 3792 2752 3861 Kilkennioe
2794 3793 2868 3861 iu

452 3918 689 3982 magna
715 3894 1161 3978 multitudine,
1199 3904 1358 3984 post
1384 3918 1615 3963 eorum
1640 3895 2004 3973 adventum
2053 3894 2126 3962 in
2169 3894 2521 3982 proesentia
2561 3888 2866 3962 omnium·

453 3998 842 4065 decretalem
890 3998 1069 4064 illam
1098 4008 1281 4065 extra
1310 3998 1392 4065 de
1419 3997 1766 4080 hoereticis,
1810 3997 1911 4064 Ut
1954 3996 2422 4084 inquisitionis,
2449 4006 2576 4065 etc.
2603 3994 2868 4085 publice

446 4102 625 4187 legit,
654 4124 731 4168 ac
773 4101 972 4167 etiam
1014 4100 1321 4187 exposuit
1367 4099 1439 4165 in
1466 4098 1736 4187 vulgari,
1780 4120 1915 4165 una
1941 4122 2094 4166 cum
2149 4099 2362 4187 poenis
2403 4109 2474 4166 et
2515 4098 2863 4166 sententiis

451 4214 677 4270 contra
703 4202 1067 4284 hoereticos,
1095 4203 1402 4282 fautores,
1422 4211 1882 4288 receptatores,
1909 4209 1981 4267 et
2008 4200 2402 4283 defensores,
2427 4199 2499 4266 in
2529 4198 2728 4267 saeris
2753 4220 2866 4267 ca-

450 4302 735 4370 nonibus
777 4303 927 4370 latis
955 4312 1026 4369 et
1053 4302 1399 4383 contentis,
1428 4311 1499 4369 et
1539 4301 1777 4368 deinde
1820 4301 2129 4369 articulos
2167 4301 2380 4370 eidem
2419 4300 2714 4390 obJeetos
2757 4322 2867 4369 re-1

446 4406 733 4494 plicavit.
776 4406 871 4472 Et
888 4414 1045 4494 post
1055 4404 1317 4491 longam
1334 4402 1817 4471 altercationem
1834 4402 2010 4469 inter
2025 4404 2409 4494 episcopum
2425 4413 2495 4471 et
2509 4405 2864 4472 advocatos

447 4510 530 4575 de
550 4508 837 4575 articulis
859 4505 1165 4576 omnibus
1188 4506 1313 4571 sibi
1334 4505 1633 4593 objectis,
1662 4528 1862 4594 super
1878 4507 2344 4595 receptatione,
2365 4506 2768 4589 defensione,
2787 4516 2869 4573 et
2967 4536 2976 4543 ·

445 4612 667 4677 favore
686 4608 1141 4677 haereticorum
1167 4608 1428 4697 publice
1449 4609 1735 4676 convicit
1750 4611 2058 4678 eundem.
2123 4610 2313 4679 Quos
2331 4610 2529 4679 etiam
2548 4608 2866 4679 articulos

446 4736 558 4781 ore
584 4712 851 4801 proprio
880 4712 1221 4779 confessus
1250 4721 1374 4795 est,
1402 4723 1473 4780 et
1498 4712 1685 4781 flexis
1712 4711 1993 4801 genibus
2021 4714 2238 4797 quoad
2272 4712 2403 4780 hoc
2429 4713 2653 4801 gratim
2679 4711 2854 4799 epis-

383 4827 391 4837 '
444 4815 591 4903 copi
632 4824 701 4879 et
750 4814 1038 4880 ecclesia
1088 4836 1159 4881 se
1203 4813 1546 4882 submisit=
1593 4814 1810 4904 quoad
1852 4816 1980 4882 alia
2007 4838 2152 4903 quoe
2199 4815 2332 4884 fide
2369 4824 2651 4902 tangunt
2674 4814 2872 4881 diem-⁶

444 4916 570 4984 sibi
613 4914 895 5004 praefixit
936 4914 1279 5002 episcopus
1327 4918 1502 5005 quod
1533 4918 1618 4984 ad
1646 4919 1946 5006 quasdam
1987 4940 2132 5005 quoe
2159 4917 2422 5005 negavit
2464 4915 2872 4985 duodecimae

3005 4864 3072 4921 ἴ.
