3867 6400
857 1429 946 1489 30
1193 1437 1704 1487 Pnocsstnmus
1735 1437 2058 1485 Aemus?
2090 1439 2293 1484 num
2324 1439 2554 1486 Aaron
2588 1438 2940 1485 nnuma

859 1591 1126 1660 ecclesia
1154 1587 1506 1657 cathedrali
1535 1610 1740 1676 usque
1761 1587 1846 1653 ad
1873 1609 2203 1654 summum
2234 1588 2575 1670 cumulari,
2603 1588 2953 1677 pecuniam
2980 1588 3053 1654 in
3082 1607 3279 1653 causa

857 1694 1010 1762 fidei
1055 1715 1190 1759 non
1233 1690 1571 1777 reciperet,
1612 1689 1874 1778 publice
1913 1690 2021 1757 vel
2070 1691 2343 1757 occulte·
2435 1691 2612 1758 Cum
2662 1691 2866 1778 igitur
2909 1691 3057 1780 ipse
3102 1695 3281 1755 esset

855 1797 1224 1884 frequenter
1267 1802 1338 1858 et
1393 1792 1836 1879 multipliciter
1877 1791 1964 1858 ad
2010 1793 2139 1858 hoc
2194 1793 2496 1880 pulsatus
2540 1791 2628 1858 ab
2677 1793 2907 1860 amicis
2954 1789 3277 1881 ejusdem,

855 1898 982 1985 ipsi
1009 1907 1230 1962 tamen
1257 1894 1342 1960 ab
1363 1893 1594 1962 eodem
1624 1893 1798 1960 aliud
1837 1893 1909 1959 in
1954 1892 2284 1979 responsis
2332 1915 2471 1960 non
2517 1893 2965 1982 reportabant.
3058 1893 3277 1958 Inter·-

855 1998 1070 2066 medio
1103 1999 1300 2086 igitur
1325 2007 1622 2087 tempore
1663 1994 1987 2062 intellexit
2014 1994 2361 2082 episcopus
2400 2017 2487 2062 ex
2538 1994 2899 2062 multorum
2945 1994 3159 2060 relatu
3206 2000 3278 2059 et

794 2089 806 2096 ’
855 2103 1026 2166 fama
1075 2101 1432 2181 communi,
1477 2098 1655 2188 quod
1699 2098 2045 2185 soepefatus
2074 2097 2445 2164 Willelmus
2494 2097 2956 2186 poenitentiam
2996 2093 3124 2160 sibi
3172 2093 3259 2160 in·

848 2204 1143 2292 junctam
1173 2224 1308 2268 non
1335 2203 1597 2282 faceret,
1623 2222 1744 2267 nec
1765 2199 1848 2264 ad
1867 2198 2239 2266 faciendum
2270 2220 2340 2264 se
2363 2208 2642 2286 pararet,
2672 2207 2743 2264 et
2770 2195 2951 2286 quod
2976 2195 3277 2284 personis

854 2304 924 2369 in
951 2303 1102 2369 fidei
1139 2303 1462 2390 suspectis
1489 2324 1564 2368 ac
1591 2301 1786 2368 etiam
1813 2301 2135 2368 hareticis
2180 2299 2592 2368 incarceratis
2620 2307 2691 2366 et
2732 2296 3017 2364 testibus
3047 2308 3279 2364 contra

853 2406 1070 2495 ipsum
1127 2403 1512 2470 necessariis
1569 2402 1838 2470 nuntios
1895 2402 2209 2471 continue
2266 2402 2559 2470 mitteret
2614 2411 2685 2469 et
2730 2401 3110 2490 frequenter
3158 2423 3275 2468 eos

852 2505 1262 2588 exenniaret3
1291 2503 1560 2593 insuper
1586 2503 1765 2592 quod
1791 2505 2112 2591 quosdam
2139 2527 2257 2592 per
2283 2503 2484 2572 breve
2510 2503 2763 2592 regium
2792 2503 2864 2570 in
2894 2525 3093 2570 eausa
3121 2501 3277 2570 fidei

853 2607 1202 2694 capiendos
1257 2605 1329 2671 in
1381 2607 1580 2672 domo
1629 2628 1750 2672 sua
1803 2627 1890 2672 ne
1939 2616 2329 2692 caperentur
2377 2606 2757 2674 occultaret.
2848 2604 3115 2674 Quibus
3171 2603 3278 2670 in·-

851 2709 1149 2789 tellectis,
1193 2707 1418 2774 statim
1463 2707 1810 2796 episcopus
1849 2707 2032 2774 misit
2068 2707 2289 2774 literas
2326 2731 2479 2774 suas
2516 2717 2823 2796 patentes
2863 2706 3273 2777 thesaurario

853 2811 1210 2900 Hybernioe
1253 2819 1324 2876 et
1359 2809 1620 2877 custodi
1662 2809 2009 2898 principali
2043 2811 2393 2878 comitatus
2434 2809 2811 2877 Kilkennioe
2854 2809 3071 2877 eidem
3118 2831 3279 2928 sup-

849 2913 1174 3002 plicando,
1217 2934 1295 2979 ac
1339 2912 1536 2978 etiam
1582 2935 1735 2980 eum
1779 2912 2111 2980 monendo
2158 2912 2283 2979 sub
2326 2913 2555 3002 poenis
2588 2911 2899 2980 omnibus
2946 2911 3021 2978 in
3076 2911 3277 2978 sacris

853 3014 1210 3085 canonibus
1239 3036 1438 3103 super
1463 3013 1591 3081 hoc
1619 3015 1971 3096 contentis,
1996 3015 2235 3102 quod
2216 3039 2360 3104 ipse
2388 3039 2508 3106 per
2533 3017 2759 3084 literas
2788 3038 2943 3083 suas
2972 3024 3278 3104 patentes

853 3118 1062 3209 sigillo
1092 3139 1214 3184 suo
1243 3117 1528 3205 signatas
1557 3118 1979 3207 compelleret
2006 3139 2237 3184 omnes
2266 3118 2575 3185 officiales
2620 3141 2779 3185 suos
2808 3127 2949 3184 tam
2990 3119 3275 3206 majores

850 3242 1044 3308 quam
1071 3218 1358 3285 minores
1387 3218 1470 3283 ad
1496 3219 1943 3305 praestandum
1980 3220 2430 3307 juramentum
2459 3221 2773 3309 episcopo
2802 3222 2890 3287 ad
2916 3220 3278 3289 observan-

849 3324 1008 3389 dum
1035 3329 1282 3387 statuta
1307 3331 1380 3386 et
1405 3320 1910 3387 constitutiones
1939 3320 2011 3387 in
2041 3322 2239 3388 sacris
2267 3321 2633 3389 canonibus
2663 3332 3015 3390 contentas
3044 3332 3276 3389 contra

847 3423 1212 3505 haereticos,
1237 3422 1601 3505 credentes,
1642 3433 2105 3512 receptatores,
2150 3426 2461 3509 fautores,
2489 3435 2562 3493 et
2589 3425 2998 3492 defensores.
3087 3425 3273 3494 Quas

846 3528 1064 3595 literas
1109 3524 1233 3593 sub
1261 3524 1642 3593 testimonio
1669 3526 2073 3594 notariorum
2116 3537 2186 3595 et
2210 3528 2573 3595 multorum
2615 3528 2895 3595 aliorum
2940 3527 3068 3595 sibi
3105 3549 3277 3616 prae-

852 3630 1093 3697 sentari
1137 3630 1294 3695 fecit
1347 3650 1468 3717 per
1507 3628 1776 3696 nuntios
1828 3630 2173 3719 speciales..
2262 3629 2538 3699 Quibus·
2572 3630 2734 3699 visis
2782 3643 2853 3698 et
2898 3630 3275 3713 intellectis,

849 3732 1326 3801 communicato
1383 3730 1658 3799 consilio
1720 3732 2251 3819 jurisperitorum
2324 3732 2506 3821 apud
2575 3732 2994 3815 Dubliniam,
3050 3732 3276 3799 literas

847 3843 1147 3922 patentes
1202 3841 1405 3921 prout
1448 3832 1796 3921 episcopus
1849 3833 2175 3921 petiverat
2218 3834 2692 3923 compulsorias
2738 3834 2957 3902 eidem
3016 3834 3276 3902 remisit

847 3936 1136 4004 indilate.
1224 3934 1490 4004 Quibus
1546 3935 1848 4023 receptis,
1899 3936 2124 4002 statim
2172 3936 2398 4003 citavit
2442 3936 2797 4025 episcopus
2848 3960 3082 4004 omnes
3126 3936 3275 4003 offi-

846 4039 1040 4107 ciales
1098 4036 1294 4105 curin
1351 4034 1658 4105 secularis
1714 4037 1922 4104 totius
1982 4037 2295 4120 Ossoriae,
2350 4049 2423 4106 et
2470 4038 2851 4127 juramenta
2902 4039 3272 4107 secundum

843 4140 1148 4208 instituta
1190 4160 1522 4206 sacrorum
1563 4161 1888 4207 canonum
1932 4138 2170 4225 petivit
2197 4148 2267 4205 et
2306 4138 2556 4227 recepit
2582 4138 2665 4206 ab
2696 4139 2971 4221 eisdem,
3000 4140 3272 4210 domino

845 4242 1133 4311 Arnaldo
1181 4250 1482 4329 excepto,
1523 4264 1564 4307 a
1590 4263 1722 4329 quo
1760 4243 2210 4325 juramentum
2256 4264 2391 4309 non
2438 4242 2680 4331 petivit
2730 4243 2886 4332 quia
2935 4241 3065 4310 sibi
3110 4244 3272 4310 alias

847 4344 1236 4431 denegavit·

935 4444 1196 4515 Quibus
1245 4444 1554 4512 omnibus
1601 4445 1860 4532 juratis,
1906 4447 2014 4513 die
2062 4446 2175 4511 ills
2223 4468 2352 4533 qua
2390 4446 2609 4513 dictus
2654 4446 3037 4515 willelmus
3088 4472 3273 4518 com-

845 4542 1070 4639 parere
1120 4546 1370 4628 debuit,
1418 4546 1607 4613 lectis
1651 4555 1722 4611 et
1767 4546 2084 4633 expositis
2136 4568 2334 4634 super
2380 4548 2511 4613 hoc
2559 4548 3147 4619 constitutionibus
3196 4550 3270 4618 in

843 4650 1113 4739 vulgari,
1155 4649 1403 4715 dictum
1446 4646 1852 4713 willelmum
1895 4647 1982 4714 ad
2014 4647 2341 4734 judicium
2384 4648 2744 4718 solenniter
2784 4651 2944 4719 fecit
2986 4654 3267 4723 evocari.-

845 4755 998 4824 Quo
1044 4760 1464 4838 comparente
1505 4772 1656 4817 cum
1703 4750 1979 4838 praefato
2021 4739 2408 4818 concellario
2456 4751 2867 4841 strepituque
2926 4764 2995 4823 et
3041 4758 3270 4845 multid

843 4853 1072 4920 tudine
1126 4851 1614 4936 advocatorum,
1669 4863 1824 4941 post
1879 4852 2226 4939 aliqualem
2281 4852 2803 4941 propositionem
2866 4856 3055 4926 verbi
3110 4860 3267 4944 Dei,

845 4953 1273 5021 monitionem
1319 4954 1644 5041 quandam
1693 4954 2046 5043 episeopus
2093 4954 2255 5043 legit
2288 4956 2359 5022 in
2397 4954 2737 5043 scripturis
2788 4980 2876 5025 ne
2915 4960 3066 5048 quis
3110 4984 3266 5030 eum
