3867 6400
37 725 731 755 ——QQ-Q-
742 747 784 758 .,,

787 744 841 759 ⁴·-
852 745 1141 765 «κακὼ-ιι
1152 745 1190 766 «ε.
1203 752 1305 768 ..ι-«ιι
1336 744 1518 775 ζων-αις.-

37 783 93 802 ¹-
1083 783 1098 789 -

204 789 224 798 q
324 775 331 778 “
428 773 543 781 ‘'¹‘'
672 780 677 781 ⁷
718 778 749 784 ⁵·
815 781 823 787 ”
873 781 916 786 ’·
1017 782 1029 786 -
1120 783 1130 788 ·
1208 785 1215 790 ν
1256 786 1273 791 -
1316 787 1327 792 ψ
1406 788 1429 791 ν»
1544 765 1645 798 ομ...
1732 768 1822 782 “⁶'‘
1876 773 2061 788 “’“““”··“’
2093 778 2147 790 ¹⁹*
2176 783 2477 801 ·½a·½‹-.u.--
2528 791 2581 804 ,.
2620 793 2646 804 Ν

112 790 2007 830 -xssmmmffla-rvam·u
2022 807 2386 830 ,ι-ΛἫ»...
2411 797 2665 830 ..«.....·....-,
2733 797 2766 810 ···
2814 801 2848 814 ··

858 1411 942 1474 28
1190 1423 1703 1472 Pnocssssnmos
1734 1421 2059 1469 anama?
2092 1423 2302 1468 mum
2335 1421 2560 1468 Amen
2595 1421 2938 1470 KY‘I'ELEB

860 1598 1057 1641 manu
1080 1583 1091 1596 ‘
1116 1575 1428 1642 canonice
1486 1583 1572 1640 se·
1616 1581 1925 1661 purgaret
1941 1599 1960 1638 ε
2020 1573 2236 1660 quoad
2294 1573 2592 1660 quaedam
2649 1571 2950 1640 ecclesia'
2987 1565 3274 1636 intendit

858 1676 1132 1765 probare
1160 1687 1390 1744 contra
1414 1677 1663 1766 ipsum.
1751 1677 1846 1741 Et
1888 1676 2112 1742 statim
2157 1698 2375 1742 coram
2417 1676 2725 1743 omnibus
2767 1675 3115 1762 episcopus
3161 1691 3272 1734 su-

858 1779 1226 1866 pradictum
1252 1779 1688 1860 willelmum,
1731 1788 2044 1866 tanquam
2088 1777 2456 1844 convictum
2503 1789 2573 1845 et
2599 1779 3038 1846 confessatum
3078 1791 3276 1859 super

858 1880 1315 1948 hoereticorum
1360 1882 1827 1970 receptatione,
1860 1881 2262 1963 defensione,
2305 1889 2376 1947 et
2401 1881 2642 1963 favore,
2670 1903 2746 1946 ac
2774 1879 2970 1946 etiam
3012 1877 3094 1942 de
3135 1874 3274 1940 hm·-

858 1983 989 2050 resi
1039 1992 1341 2050 notatum
1378 1995 1449 2050 et
1480 1985 1899 2052 vehementer
1926 1993 2330 2071 suspectum,
2373 1982 2608 2050 carceri
2651 1983 2735 2049 ad
2773 1977 3274 2049 custodiendum

852 2084 1193 2173 judicavit,
1222 2109 1297 2152 ac
1325 2086 1525 2152 etiam
1554 2086 1640 2151 ad
1680 2085 2108 2151 detinendum
2137 2085 2347 2152 donec
2375 2084 2713 2172 negotium
2754 2083 2910 2150 fidei
2958 2083 3029 2149 in
3063 2081 3273 2146 forma

864 2185 1149 2252 ecclesiae
1178 2196 1354 2254 esset
1381 2187 1829 2267 terminatum,
1858 2209 1933 2253 ac
1963 2186 2160 2253 etiam
2192 2186 2274 2253 de
2301 2187 2508 2274 gratia
2535 2186 2643 2254 cui
2671 2209 2744 2252 se
2772 2184 3162 2251 submiserat
3191 2180 3277 2247 de

864 2297 1119 2354 maturo
1140 2288 1414 2355 consilio
1434 2289 1607 2356 foret
1628 2288 2021 2355 ordinatum.
2093 2289 2200 2355 Ad
2225 2289 2398 2377 quod
2431 2287 2906 2376 exequendum,
2927 2285 3276 2372 episcopus

862 2408 1079 2454 coram
1128 2398 1272 2455 toto
1314 2389 1564 2476 populo
1608 2398 1679 2457 et
1704 2389 1877 2458 clero
1920 2392 2264 2480 requisivit
2301 2391 2758 2478 justiciarium,
2799 2388 3312 2469 cancellarium,-

860 2486 1357 2569 tbesaurarium,
1415 2489 1530 2576 qui
1585 2502 1692 2558 est
1746 2503 1998 2560 custos·
2027 2493 2404 2582 principalis
2459 2493 2808 2561 comitatus
2861 2489 3278 2580 Kylkenniae,

863 2587 1204 2652 dominum
1245 2589 1613 2656 Arnaldum
1664 2594 2113 2676 senescallum,
2151 2595 2528 2663 Jobannem
2580 2596 2664 2661 de
2696 2593 3064 2660 Rochel'ord
3105 2592 3280 2659 vicess

861 2687 1189 2769 comitem,
1232 2711 1309 2756 ac
1351 2690 1551 2757 etiam
1596 2713 1829 2760 omnes
1882 2695 2048 2763 alios·
2091 2697 2421 2778 officiales,
2449 2696 2628 2785 quod
2669 2705 2740 2763 et
2779 2695 2921 2761 fieri
2969 2693 3282 2782 praecepit

861 2789 1003 2855 sine
1057 2812 1261 2871 mora,
1319 2789 1444 2857 sub
1500 2796 1716 2880 poenis
1773 2797 1845 2862 in
1902 2799 2482 2866 constitutionibus
2553 2796 2898 2886 papalibus
2955 2805 3024 2862 et
3079 2795 3280 2862 sacris

862 2891 1221 2957 canonibus
1263 2895 1617 2962 contentis.
1706 2896 1879 2965 Qum
1922 2921 2197 2971 cernens
2236 2900 2656 2989 justiciarius,
2702 2899 3014 2988 proecepit
3055 2897 3312 2964 statim-

862 2993 1235 3060 marescallo
1264 2994 1461 3061 curiae
1504 2999 1697 3086 regiae
1727 3002 1905 3087 quod
1945 3001 2089 3089 ipse
2120 3004 2370 3070 dictum
2399 3003 2806 3070 Willelmum
2848 3001 2933 3066 ad
2961 3021 3281 3067 carcerem

864 3097 1131 3163 duceret
1170 3107 1371 3184 prout
1412 3097 1719 3165 extiterat
1753 3100 2243 3168 demandatum.
2333 3103 2468 3170 Qui
2513 3103 2736 3169 statim
2778 3101 2968 3168 duxit
3004 3123 3157 3169 eum
3196 3099 3281 3165 ad

863 3218 1180 3263 carcerem
1210 3196 1405 3262 castri
1438 3195 1835 3279 Kilkennioe,
1863 3210 2065 3286 prout
2093 3200 2220 3267 sibi
2249 3202 2462 3269 fuerat
2488 3202 2906 3291 imperatum.

946 3298 1290 3364 Venerunt
1344 3298 1544 3385 igitur
1601 3298 1894 3382 soepefati
1967 3299 2386 3367 cancellarius
2443 3310 2514 3367 et
2582 3299 2893 3386 magister
2947 3294 3280 3361 walterum

864 3400 1300 3467 thesaurarius
1358 3401 1443 3467 ad
1500 3400 1908 3486 episcopum,
1969 3410 2222 3467 attente
2281 3402 2724 3489 supplicantes
2795 3411 2876 3466 ut
2932 3400 3015 3467 de
3078 3398 3286 3485 gratia
3393 3393 3403 3401 ’

865 3502 1159 3569 facienda
1230 3501 1409 3569 dicto
1485 3500 1821 3567 Willelmo
1894 3524 2095 3591 super
2165 3504 2452 3571 articulis
2534 3502 2920 3571 confessatis
2991 3500 3286 3567 celeriter

867 3604 1193 3671 ordinaret
1230 3614 1382 3671 ante
1426 3626 1757 3671 recessum
1809 3605 2190 3673 eorundem.
2279 3606 2436 3687 Qui,
2479 3605 2962 3672 communicato
3011 3602 3318 3669 consilio·

867 3727 1019 3771 cum
1059 3703 1479 3792 peritioribus
1506 3704 1662 3771 cleri
1704 3705 1832 3789 sui,
1860 3706 2036 3773 diem
2081 3707 2314 3777 statuit
2337 3708 2604 3775 brevem
2633 3708 2718 3773 ad
2743 3709 2872 3775 hoc
2897 3705 3290 3773 faciendum.

869 3806 1024 3875 Quo
1054 3816 1497 3894 comparente,
1524 3806 1683 3874 licet
1710 3830 1847 3874 non
1876 3810 2240 3876 secundum
2273 3811 2607 3891 demerita,
2637 3811 2788 3897 quia
2814 3821 3035 3876 tamen
3060 3806 3288 3896 gratim

868 3930 942 3974 se
962 3908 1375 3991 submiserat,
1404 3910 1859 3997 poenitentiam
1888 3912 2219 4000 publicam
2248 3913 2312 3981 ei
2332 3915 2521 3981 duxit
2545 3914 3034 4001 imponendam,
3057 3912 3176 3979 sed
3203 3910 3290 3977 ad

866 4012 1246 4079 instantiam
1274 4014 1636 4081 cancellarii
1667 4024 1737 4081 et
1763 4018 2147 4083 thesaurarii
2188 4040 2312 4106 pro
2341 4018 2570 4085 eodem
2598 4016 2851 4104 rogavit
2883 4012 3288 4103 justiciarius

869 4124 937 4182 et
964 4114 1072 4181 alii
1111 4115 1195 4182 de
1222 4115 1497 4183 consilio
1539 4116 1734 4204 regis,
1763 4117 1852 4183 ad.
1892 4141 2174 4206 quorum
2215 4118 2803 4206 interpellationem
2845 4139 2996 4185 cum
3038 4116 3288 4185 eisdem

870 4218 996 4285 sibi
1047 4218 1344 4306 injuncta
1370 4220 1805 4287 commutavit
1830 4220 1901 4285 in
1933 4220 2252 4287 sarcinam
2303 4220 2634 4303 leviorem,
2665 4220 2911 4286 scilicet
2940 4219 3119 4306 quod
3167 4239 3291 4306 pro

872 4320 1157 4386 articulis
1207 4320 1593 4388 confessatis
1640 4310 1823 4389 omni
1862 4323 1970 4389 die
2009 4345 2130 4411 per
2158 4346 2405 4390 annum
2453 4333 2586 4389 tres
2632 4324 2866 4389 missas
2910 4322 3165 4390 audiret
3205 4320 3292 4387 ad

872 4420 1114 4501 minus,
1142 4430 1394 4487 certum
1438 4422 1637 4489 etiam
1687 4446 2036 4490 numerum
2081 4435 2381 4512 pasceret
2416 4447 2802 4513 pauperum,
2835 4434 2906 4491 et
2933 4424 3109 4512 quod
3136 4446 3291 4491 can·

872 4522 1107 4591 cellum
1149 4522 1441 4589 ecclesias
1469 4523 1856 4589 cathedralis
1900 4535 1970 4590 et
1997 4526 2337 4593 ecclesiam
2381 4536 2589 4591 totam
2633 4548 2672 4591 a
2699 4526 3042 4613 campanili
3093 4550 3292 4615 supra

869 4646 1099 4691 versus
1126 4624 1445 4691 orientem
1476 4645 1553 4691 ac
1581 4624 1777 4691 etiam
1807 4634 2018 4691 totam
2047 4628 2362 4714 capellam
2405 4626 2614 4695 beatoe
2646 4627 2876 4695 Marioe
2902 4629 3190 4718 Virginis
3217 4631 3286 4697 in

868 4726 1097 4791 eadem
1126 4725 1399 4793 ecclesia
1428 4726 1565 4792 suis
1618 4727 1996 4815 sumptibus
2041 4728 2124 4795 de
2166 4728 2440 4816 plumbo
2482 4731 2766 4818 perfecte
2795 4732 3176 4819 cooperiret,
3204 4734 3292 4801 ad
3369 4710 3408 4800 l

868 4826 1247 4893 memoriam
1293 4836 1703 4914 perpetuam,
1754 4850 1841 4895 ne
1883 4829 2032 4917 quis
2080 4830 2510 4919 imposterum
2557 4842 2786 4899 contra
2809 4826 3184 4902 -ecclesiam'
3217 4836 3298 4903 in·
3351 4858 3364 4869 ·

871 4950 1065 4995 causa
1090 4927 1245 4995 fidei
1270 4929 1543 4999 auderet
1570 4928 1926 5019 insurgere,
1948 4934 2054 5001 vel
2082 4933 2406 5001 hareticis
2434 4934 2879 5004 defensionem
2911 4947 2981 5006 et
2998 4938 3290 5007 favorem
