3867 6400
729 5926 807 5963 εἱ

804 1411 888 1474 34
1129 1377 1640 1476 ‘Pnoczssnmos
1672 1429 1995 1476 ananan·
2026 1429 2237 1474 DARE
2276 1429 2499 1474 ALIO}
2534 1427 2881 1474 KYTBLBB

805 1577 1068 1644 clericos
1117 1589 1186 1644 et
1229 1577 1432 1644 laicos
1479 1577 1550 1645 in
1593 1601 1910 1646 carcerem
1960 1589 2031 1645 et
2070 1579 2421 1665 compedes
2472 1578 2907 1660 detrudendo,
2950 1583 3020 1644 et
3068 1571 3217 1642 ecce

809 1680 1117 1768 opprimit
1141 1691 1208 1748 te
1241 1683 1454 1764 Deus,
1482 1693 1552 1749 et
1579 1683 1820 1769 tuipse
1849 1681 1918 1746 in
1948 1701 2199 1748 carcere
2228 1691 2298 1746 et
2324 1680 2753 1767 compedibus
2791 1703 2863 1746 es
2890 1680 3219 1758 detrusus,

807 1807 928 1850 nec
955 1794 1058 1850 est
1083 1783 1390 1850 inventus
1433 1783 1502 1850 in
1532 1793 1712 1849 tanta
1731 1783 1959 1871 populi
1988 1792 2055 1849 et
2082 1781 2235 1848 cleri
2278 1783 2721 1866 multitudine,
2749 1795 3066 1872 quantum
3093 1802 3219 1856 nos

807 1885 1204 1974 perpendere
1253 1909 1633 1974 possumus,
1682 1885 1838 1973 quin
1897 1894 2077 1950 tuam
2133 1884 2396 1950 affectet
2444 1885 2715 1952 totalem
2768 1885 3219 1973 dejectionem.

811 1987 1190 2054 Admodum
1213 1988 1498 2056 Luciferi
1519 1985 1602 2054 de
1623 1985 1752 2052 alto
1773 1985 2063 2053 cecidisti
2080 2010 2099 2051 a
2130 1985 2247 2050 sed
2268 1986 2455 2052 Deus
2471 1985 2593 2052 tibi
2612 1987 2939 2054 concessit
2956 1975 3220 2070 tempus

811 2089 1168 2177 poenitendi
1187 2115 1208 2156 z
1263 2089 1608 2156 humiliare
1649 2109 1862 2156 coram
1907 2088 2073 2176 ipso,
2120 2087 2629 2154 misericordiam
2671 2111 2859 2154 suam
2900 2088 3223 2154 instanter

813 2191 1224 2280 implorando
1273 2199 1346 2256 et
1389 2191 1686 2277 gratiam,
1727 2201 1804 2256 ut
1851 2191 1951 2256 tui
1994 2190 2297 2277 dignetur
2336 2189 2695 2256 misereri-’³
2786 2189 2915 2256 Cui
2962 2189 3075 2256 ille
3122 2207 3225 2253 re-

815 2293 1124 2380 sponditz
1169 2297 1214 2331 ‘⁸
1243 2293 1598 2374 Domine,’'
1637 2291 1870 2380 inquit,
1897 2297 1945 2332 “
1972 2293 2301 2380 episcope,
2342 2291 2395 2356 si
2440 2291 2677 2380 placet,
2706 2289 2791 2356 da
2818 2289 2981 2356 mihi
3020 2289 3221 2356 bene·

813 2395 1033 2462 ficium
1083 2394 1514 2462 absolutionis
1564 2417 1604 2460 a
1653 2393 1976 2460 sententia
2022 2392 2781 2460 excommunicationis?
2872 2391 3001 2458 Cui
3050 2391 3225 2480 epis·

813 2521 1018 2586 copus
1041 2522 1060 2564 ε
1105 2501 1150 2538 “
1175 2498 1401 2580 Duo‚’'
1429 2496 1664 2584 inquit,
1693 2499 1736 2535 ‘⁸
1765 2505 1924 2562 sunt
1950 2493 2701 2562 excommunicationum
2728 2517 2985 2584 genera,
3012 2515 3223 2561 unum

812 2622 934 2688 pro
955 2598 1359 2666 contumacia
1385 2608 1455 2664 et
1474 2597 1648 2664 aliud
1675 2619 1796 2684 pro
1813 2597 2103 2663 offensaz
2146 2607 2223 2662 tu
2248 2619 2373 2684 pro
2393 2596 2647 2663 offensa
2672 2595 2847 2680 fidei,
2873 2596 3222 2664 haereticos

813 2699 1222 2788 receptando,
1251 2699 1559 2781 fovendo,
1589 2709 1658 2766 et
1683 2698 2103 2782 defensando,
2128 2697 2203 2766 in
2230 2720 2429 2765 causa
2464 2697 2757 2781 haeresis,
2786 2699 2919 2766 tuis
2962 2699 3224 2788 exigen-

813 2800 990 2868 tibus
1013 2800 1362 2876 demeritis,
1375 2799 1788 2888 judicialiter,
1797 2799 2161 2881 diffinitive,
2169 2805 2239 2865 et
2260 2799 2739 2866 sententialiter
2755 2801 3227 2890 pronunciatus

814 2925 888 2969 es
935 2903 1554 2984 excommunicatus,
1603 2924 1643 2967 a
1691 2923 1818 2989 qua
1861 2901 2187 2968 sententia
2225 2899 2483 2968 absolvi
2536 2911 2605 2970 te
2648 2925 2785 2970 non
2832 2904 3229 2992 permittunt

807 3005 980 3091 jura,
1029 3005 1235 3072 donec
1285 3003 1677 3070 satisfeceris
1729 3003 2015 3070 ecclesio
2072 3003 2157 3070 de
2198 3011 2383 3070 tanta
2422 3004 2698 3087 offensa,
2743 3006 2855 3072 vel
2901 3003 2986 3072 de
3035 3007 3227 3073 satis—

813 3107 1109 3175 faciendo
1131 3107 1561 3174 sufficientem
1587 3104 1967 3194 praestiteris
1996 3103 2431 3172 cautionem.'’
2521 3106 2650 3172 Cui
2677 3107 2787 3175 ille
2810 3131 2829 3174 ε
2882 3113 2929 3148 “
2955 3107 3083 3176 Vel
3108 3130 3229 3198 per

815 3232 941 3291 me,
967 3210 1073 3275 vel
1113 3232 1230 3299 per
1257 3209 1658 3297 adjutorium
1697 3208 2078 3292 amicorum,
2106 3207 2239 3275 cito
2265 3207 2720 3296 providebitur
2747 3210 2832 3277 de
2874 3212 3227 3280 sufficienti

817 3312 1181 3379 cautione-’⁹

901 3412 1096 3479 Misit
1121 3412 1318 3500 igitur
1337 3412 1694 3501 praedictus
1715 3408 2085 3477 Willelmus
2112 3432 2235 3498 pro
2262 3410 2669 3496 cancellario,
2696 3412 2877 3501 quod
2896 3416 2983 3483 ad
3006 3414 3229 3505 ipsum
3285 3426 3293 3435 “

817 3514 1070 3582 veniret
1107 3514 1494 3581 festinanter
1533 3534 1728 3601 super
1759 3512 1932 3579 dicta
1973 3512 2273 3581 cautione
2314 3522 2732 3581 tractaturus.
2819 3518 2999 3585 Ante
3039 3520 3229 3608 cujus

820 3618 1192 3699 adventum,
1239 3617 1537 3684 insonuit
1574 3636 1796 3682 rumor
1835 3636 1953 3703 per
1994 3624 2203 3681 totam
2244 3615 2576 3683 civitatem
2606 3618 3005 3706 Kylkenniae
3053 3624 3231 3709 quod

817 3720 1232 3787 cancellarius
1273 3720 1444 3807 regis
1485 3728 1662 3786 esset
1686 3727 2029 3801 venun-us,
2052 3728 2131 3784 ut
2172 3719 2557 3787 auctoritate
2583 3721 2761 3809 regia
2794 3722 3103 3791 liberaret
3127 3726 3230 3793 in-

818 3830 1229 3887 carceratum.
1319 3820 1518 3889 Quod
1568 3820 1727 3886 dum
1767 3820 2077 3907 episcopo
2126 3820 2437 3904 innotuit,
2478 3834 2821 3911 assumpto
2864 3825 3112 3893 deceno
3162 3838 3237 3897 et

819 3921 1172 4009 majoribus
1199 3922 1466 4009 capituli
1509 3921 1612 3987 sui
1637 3931 1707 3989 et
1731 3921 2148 4009 peritioribus
2176 3922 2333 3989 cleri
2362 3923 2489 4006 sui,
2515 3946 2653 3991 una
2678 3946 2831 3993 cum
2874 3928 3232 4016 maJoribus

819 4022 1118 4105 civitatis,
1163 4024 1440 4091 accessit
1477 4023 1564 4090 ad
1604 4023 2075 4105 cancellarium,
2116 4033 2186 4090 et
2230 4022 2454 4112 ipsum
2502 4046 2725 4094 coram
2775 4030 3087 4100 omnibus
3136 4034 3231 4100 al-

817 4124 1078 4191 locutus
1103 4135 1206 4191 est
1239 4124 1306 4191 in
1350 4126 1532 4192 hunc
1571 4124 1842 4191 modum
1863 4148 1884 4191 z
1933 4130 1980 4165 “
2002 4125 2357 4209 Domine,”
2382 4124 2621 4216 inquit,
2660 4134 2709 4171 “
2734 4133 3137 4217 cancellarie,
3163 4146 3235 4205 et

821 4247 942 4291 vos
971 4236 1040 4293 et
1057 4248 1180 4293 nos
1207 4226 1358 4294 Deo
1387 4237 1457 4295 et
1499 4237 1738 4294 sanctie
1781 4226 1976 4293 matri
2002 4228 2289 4297 ecclesia
2322 4230 2530 4317 jurati
2572 4254 2824 4317 sumus,
2866 4242 2936 4301 et
2964 4234 3234 4307 domino

825 4336 1048 4393 nostro
1075 4327 1208 4415 regi
1235 4328 1491 4417 Angliae
1533 4332 1847 4419 similiter,
1874 4334 2051 4402 unde
2092 4358 2176 4403 ex
2220 4346 2411 4425 parte
2450 4348 2677 4407 nostra
2718 4351 2789 4409 et
2830 4341 3037 4409 totius
3078 4345 3235 4414 cleri

828 4426 1038 4494 nostri
1062 4429 1362 4495 venimus
1410 4431 1496 4497 ad
1531 4455 1652 4500 vos
1701 4436 1784 4501 ad
1835 4437 2361 4505 denunciandum
2400 4440 2613 4525 vobis,
2662 4443 2778 4530 qui
2827 4444 2910 4511 de
2958 4447 3235 4517 concilio

830 4530 998 4619 regis
1069 4540 1226 4617 post
1287 4530 1724 4618 justiciarium
1780 4536 1941 4602 estis
2010 4538 2409 4628 principalis,
2464 4544 2755 4629 pericula
2811 4546 3109 4633 quaedam
3164 4560 3237 4620 et

831 4631 1128 4700 scandala
1166 4632 1429 4721 utrique
1457 4636 1651 4703 curiae
1691 4636 2121 4720 imminentia,
2149 4637 2279 4707 nisi
2322 4654 2832 4730 precaveantur.
2932 4636 3235 4721 Quorum

828 4736 1114 4824 primum
1135 4744 1258 4819 est,
1278 4759 1428 4804 cum
1457 4739 1546 4805 in·
1556 4742 1903 4828 proesentia
1919 4742 2166 4810 domini
2186 4744 2533 4832 justiciarii
2560 4757 2632 4814 et
2648 4759 2865 4818 vestra
2886 4774 2961 4820 ac
2982 4756 3239 4835 consilii

831 4838 991 4925 regii
1039 4835 1246 4905 Alicia
1295 4838 1594 4929 Kyteler‚
1647 4842 1836 4911 lectis
1891 4868 2109 4913 coram
2159 4846 2351 4914 vobis
2402 4848 2687 4917 articulis
2745 4855 3241 4943 quampluribus

835 4940 1132 5009 boeresim
1189 4941 1596 5030 sapientibus
1651 4956 1720 5013 et
1776 4948 2311 5017 attestationibus
2378 4950 2675 5019 similiter
2728 4952 3100 5041 publicatis,
3158 4959 3243 5027 de

1159 5368 1166 5375 ι

3814 5478 3820 5485 .

3310 5533 3319 5541 .
3798 5498 3805 5518 l

3818 5590 3837 5609 κ

3802 5674 3837 5695 ἰε

3803 5696 3837 5923 l<

3826 5881 3837 5895 1

664 5925 722 5935 -ι-
836 5928 918 5939 ,μ’
996 5927 1082 5935 ,ᾳ
1139 5928 1151 5933 -
1198 5927 1210 5935 -
2674 5918 2814 5923 '⁴‘-

698 5954 724 5963 ··
826 5954 843 5963 a
929 5950 973 5961 ⁶0·
996 5950 1044 5961 συ
1071 5950 1085 5956 -
1107 5946 1302 5959 -.Μ’-οφ·
1324 5944 1403 5955 ιο...
1422 5940 1485 5953 «ρ-
1504 5931 2332 5957 unm-mm
2354 5922 2678 5953 Μ

3164 6081 3177 6091 ι
