3867 6400
865 1471 952 1530 36
1207 1485 1716 1532 Pnocntnmos
1749 1485 2070 1532 Annus?
2102 1485 2315 1532 DARE
2348 1487 2577 1532 Auca
2610 1487 2959 1532 RY‘rmmn

871 1634 1068 1700 etiam
1120 1621 1282 1700 alios
1331 1635 1674 1702 familiares
1691 1623 1959 1704 ‘vestros
2010 1636 2081 1702 in
2114 1623 2399 1724 'negotio
2442 1637 2597 1704 fidei
2636 1637 2854 1702 'multa
2898 1625 3057 1700 sunt
3090 1625 3297 1712 'dicta3

874 1736 1068 1818 faeta,
1107 1747 1178 1802 et
1228 1738 1522 1826 allegata,
1569 1760 1714 1826 qum
1767 1738 2131 1806 secundum
2174 1738 2645 1805 nonnullorum
2682 1728 3003 1826 judicium
3050 1735 3122 1803 in
3170 1733 3297 1800 im-

871 1838 1328 1925 pedimentum
1371 1840 1614 1927 negotii
1655 1839 1964 1908 videntur
2004 1841 2393 1924 redundare,
2436 1828 2561 1908 nos
2604 1841 2794 1907 istius
2835 1839 2965 1906 loci
3008 1839 3302 1904 diocesa-

875 1962 1026 2021 nus,
1095 1941 1252 2008 lieet
1321 1941 1649 2024 immeriti,
1705 1965 1924 2010 coram
1998 1952 2144 2009 toto
2215 1943 2349 2010 isto
2420 1944 2671 2030 populo
2727 1941 3111 2008 auctoritate
3168 1937 3300 2004 Dei
3363 1951 3372 1959 ‘

875 2041 1356 2130 omnipotentis
1404 2065 1480 2110 ac
1527 2043 1776 2111 domini
1825 2046 2037 2110 nostri
2086 2067 2276 2134 papoe
2327 2056 2397 2112 et
2443 2055 2687 2112 sanctoe
2736 2043 2963 2110 matris
3009 2039 3296 2109 ecclesio

876 2144 1070 2211 vobis
1113 2145 1410 2213 districte
1453 2147 1850 2229 inhibemus,
1893 2169 1981 2214 ne
2022 2171 2143 2236 per
2170 2170 2291 2215 vos
2333 2158 2449 2214 aut
2474 2156 2731 2214 vestros
2777 2145 3021 2232 aliquid
3065 2141 3298 2210 dicatis

875 2268 998 2313 seu
1049 2247 1300 2314 faciatis
1353 2248 1594 2316 directe
1633 2248 1742 2316 vel
1785 2251 2101 2317 indirecte
2131 2249 2373 2339 quod
2353 2271 2425 2315 ιιι
2466 2249 3013 2352 impedimentum
3056 2243 3303 2333 negotii

876 2348 1320 2435 inquisitionis
1399 2362 1632 2418 contra
1701 2351 2077 2418 hoereticam
2150 2346 2545 2439 pravitatem
2624 2349 2836 2438 possit
2912 2347 3301 2414 redundare.

883 2450 1083 2520 Quod
1132 2451 1194 2518 si
1240 2462 1469 2519 contra
1515 2453 1822 2538 feceritis,
1869 2435 2345 2522 denunciamus
2393 2452 2585 2521 vobis
2645 2451 2821 2540 quod
2864 2472 2989 2518 nos
3027 2449 3299 2517 domiuo
3382 2455 3387 2460 “

879 2563 1114 2621 nostro
1170 2577 1361 2644 papoe
1419 2555 1667 2622 christi
1717 2557 1959 2624 vicario
2018 2559 2266 2624 factum
2326 2552 2860 2642 significabimus,
2910 2551 3025 2640 qui
3080 2551 3297 2618 claves

875 2654 1052 2720 beati
1088 2657 1266 2722 Petri
1309 2667 1378 2722 et
1421 2667 1664 2724 sancta
1705 2658 2021 2725 Romano
2062 2658 2353 2724 ecclesioe
2402 2677 2601 2743 super
2630 2663 2829 2742 caput
2854 2663 3152 2720 vestrum
3203 2651 3299 2717 sic

875 2755 1146 2843 agitabit
1186 2767 1256 2823 et
1293 2757 1571 2841 sonabit,
1601 2761 1780 2847 quod
1827 2782 1965 2826 non
2016 2760 2234 2826 solum
2288 2781 2410 2847 per
2438 2756 2745 2844 Angliam
2786 2764 2856 2824 et
2884 2753 3301 2844 Hyberniam

875 2858 992 2924 sed
1019 2857 1102 2924 ab
1135 2859 1476 2948 Hybernia
1503 2883 1710 2949 usque
1738 2863 1822 2930 ad
1851 2884 2032 2929 mare
2064 2861 2373 2928 Graecum
2404 2859 2663 2940 sonitus
2702 2859 3049 2926 audietur.
3116 2855 3297 2923 Scire

875 2959 1072 3024 etiam
1099 2980 1221 3026 vos
1251 2960 1576 3044 volumus,
1603 2974 1672 3030 et
1690 2987 1810 3052 per
1837 2988 1957 3032 vos
2008 2963 2257 3052 regales
2288 2984 2543 3043 omnes,
2574 2961 2752 3048 quod
2795 2956 2933 3028 non
2964 2958 3131 3026 latet
3171 2980 3299 3025 nos

879 3059 1056 3147 quod
1097 3061 1350 3128 ratione
1395 3055 1850 3150 temporalium
1895 3078 1968 3133 et
2010 3065 2301 3133 baronioe
2345 3086 2543 3154 quam
2591 3071 2775 3128 tenet
2814 3060 3088 3128 ecclesia
3131 3059 3302 3124 mul-

879 3160 1188 3250 tipliciter
1214 3185 1338 3231 nos
1381 3164 1562 3232 scitis
1609 3155 1678 3235 et
1722 3169 2003 3255 potestis
2048 3167 2399 3235 molestare
2428 3176 2498 3235 et
2532 3184 2821 3254 gravare,
2846 3169 3299 3229 verumtamen

875 3286 998 3353 pro
1041 3274 1220 3331 certo
1261 3264 1555 3333 habeatis
1599 3270 1778 3355 quod
1829 3270 1985 3337 licet
2034 3270 2421 3359 temporalia
2462 3270 2801 3339 auferretis
2850 3281 2921 3337 et
2960 3270 3299 3337 baroniam

873 3364 1046 3445 inter
1072 3388 1194 3431 vos
1237 3364 1634 3453 divideretis,
1673 3370 1746 3438 in
1792 3371 1922 3438 hiis
1972 3380 2197 3439 tamen
2228 3394 2375 3460 quoe
2420 3382 2580 3439 sunt
2609 3373 2691 3440 ad
2734 3371 3298 3441 conversationem

876 3467 1030 3533 fidei
1079 3477 1150 3533 et
1195 3466 1518 3537 libertatis
1567 3472 2019 3541 ecclesiastica}
2074 3474 2214 3542 iota
2270 3497 2481 3541 unum
2540 3486 2657 3543 aut
2712 3497 2883 3541 uuus
2934 3496 3105 3562 apex
3160 3495 3299 3540 non

877 3568 1237 3655 praeteribit
1264 3593 1302 3637 a
1329 3570 1492 3659 lege,
1532 3576 1894 3642 secundum
1935 3577 2211 3665 gratiam
2232 3577 2454 3644 'nobis
2498 3578 2753 3645 coelitus
2796 3588 3182 3645 concessam
3226 3586 3298 3643 et

874 3681 1168 3741 nostram
1213 3674 1737 3760 possibilitatem.
1825 3680 1919 3745 Et
1962 3702 2047 3747 ne
2076 3668 2539 3766 requisitiones
2566 3680 2715 3747 istm
2744 3700 2861 3745 seu
2904 3677 3302 3743 monitiones

875 3772 960 3839 de
1009 3772 1223 3861 capite
1273 3788 1504 3846 nostro
1547 3780 1816 3869 proprio
1864 3780 2213 3847 videantur
2262 3802 2592 3862 emanare,
2640 3780 2829 3847 vobis
2880 3802 3104 3847 coram
3152 3788 3299 3846 toto

879 3876 1012 3943 isto
1063 3876 1238 3944 clero
1289 3889 1360 3947 et
1413 3884 1661 3970 populo
1707 3885 2215 3951 constitutiones
2273 3895 2346 3952 et
2394 3884 2705 3973 epistolas
2766 3884 3119 3951 decretales
3173 3882 3305 3970 legi

877 3977 1192 4043 faciemus
1221 3978 1292 4045 in
1319 3987 1647 4077 proesenti.
1648 3986 1695 4022 ”
1783 3986 2045 4056 Quibus
2084 3988 2273 4055 lectis
2318 4010 2437 4076 per
2465 3989 2791 4077 quendam
2825 3985 3329 4074 jurisperitum,-

877 4078 1192 4165 0¹P0⁸¹t²⁸
1251 4110 1370 4175 per
1417 4088 1798 4177 episcopum
1855 4088 2119 4177 publice
2177 4100 2247 4156 et
2304 4090 2569 4164 auditis.
2620 4089 2833 4155 dictus
2882 4086 3305 4154 cancellarius

877 4217 1314 4283 prorumpens
1362 4192 1434 4257 in
1474 4188 1772 4255 lacrimas
1816 4188 2025 4256 dixit·
2084 4188 2233 4257 “Si
2282 4190 2355 4256 in
2406 4190 2625 4277 aliquo
2664 4182 2949 4256 erratum
2992 4200 3118 4271 est,
3166 4211 3303 4256 ιιοιι

879 4318 961 4362 ex
988 4296 1353 4363 intentione
1379 4292 1486 4359 vel
1527 4290 1772 4356 malitia
1801 4292 1916 4357 sed
1944 4292 2171 4378 potius
2200 4314 2285 4360 ex
2312 4292 2681 4381 ignorantia
2708 4292 3028 4380 processit
3054 4292 3299 4358 error.''

882 4396 1120 4466 Quoad
1161 4398 1606 4482 juramentum
1654 4415 1810 4459 vero
1851 4394 2324 4480 prtestandum,
2378 4392 2759 4461 dilationem
2806 4392 3047 4480 petivit
3090 4392 3303 4491 donec

879 4521 1028 4567 cum
1059 4497 1202 4564 aliis
1231 4496 1313 4563 de
1341 4494 1610 4562 consilio
1639 4494 1806 4581 regis
1837 4494 1962 4559 sibi
1992 4518 2191 4582 super
2214 4496 2346 4563 hoc
2374 4495 2751 4563 consultum
2778 4504 2975 4561 esset.

965 4600 1218 4665 Eadem
1261 4596 1460 4685 igitur
1487 4596 1592 4661 die
1619 4594 1801 4661 venit
1843 4594 2059 4661 dictus
2103 4596 2525 4663 cancellarius
2554 4595 2637 4662 ad
2680 4596 3082 4683 episcopum,
3133 4606 3302 4664 trac-

876 4712 1133 4769 taturus
1165 4721 1363 4786 super
1389 4696 1824 4785 completione
1845 4696 2251 4784 poenitentioe
2271 4697 2604 4784 impositoe
2632 4698 2900 4787 prefato
2924 4698 3299 4781 Willelm03

879 4806 996 4871 sed
1023 4804 1372 4892 episcopus
1401 4800 1741 4867 remittens
1762 4798 2047 4865 eundem
2070 4800 2153 4865 ad
2182 4799 2506 4867 decanum
2528 4809 2598 4867 et
2616 4800 2995 4887 capitulum,
3021 4800 3301 4868 finaliter

881 4917 1276 4974 conventum
1327 4914 1432 4970 est
1484 4904 1657 4970 inter
1706 4924 1821 4968 eos
1879 4900 2058 4988 quod
2112 4900 2329 4968 dictus
2389 4901 2806 4969 cancellarius
2864 4924 2985 4989 pro
3026 4902 3300 4989 proefato

880 5007 1214 5075 willelmo
1242 5015 1450 5072 totam
1478 5002 1815 5073 ecclesiam
1859 5002 2299 5073 cathedralem
2323 5026 2361 5070 a
2390 5003 2733 5090 campanili
2763 5003 3045 5091 desuper
3070 5024 3303 5071 versus
