3867 6400
703 713 1838 763 Q
1853 743 2459 784 Qm—-flmfflaefflm
2524 773 2641 789 ..M-“-

1765 833 1848 844 ...ἡ
1895 805 2000 840 -ss-
2218 832 2257 838 —

871 1429 958 1488 22
1204 1436 1715 1487 Pnoolmnmus
1746 1435 2075 1496 Anulum·
2105 1435 2321 1481 DARE
2355 1433 2583 1481 Amen
2615 1435 2966 1482 mmmmm

869 1591 1130 1679 quidem
1167 1597 1482 1676 ceperunt
1508 1596 1579 1655 et
1605 1585 1882 1653 diversis
1910 1584 2283 1654 carceribus
2327 1587 2809 1674 manciparunt,
2850 1585 2971 1653 sed
3017 1592 3296 1648 matrem

870 1691 1180 1759 Willelmi
1222 1690 1541 1772 Outlawe,
1583 1689 1963 1776 magistram
2015 1689 2338 1768 omniurn,
2380 1687 2586 1754 libere
2632 1689 2938 1816 aufugere
2982 1681 3299 1772 permise-

868 1802 1254 1960 runAErdieus
1311 1891 1511 1979 igitur
1536 1891 1910 1978 episcopus,
1962 1889 2140 1977 apud
2186 1887 2579 1954 Dubliniam
2626 1888 2940 1970 existens,
2982 1908 3299 1974 personas

871 1995 1014 2062 illas
1041 2016 1162 2081 pro
1183 2003 1365 2081 parte
1393 1992 1816 2060 incarceratas
1843 2015 1969 2080 pro
1991 2012 2268 2079 quarum
2299 1990 2605 2079 captione
2625 1991 2967 2077 petiverat,
2995 1990 3147 2056 licet
3169 1989 3301 2055 hoc

873 2098 1082 2164 facere
1123 2094 1636 2182 contempserint
1661 2093 1947 2160 ministri
1997 2091 2323 2159 seculares
2352 2092 2438 2157 ad
2482 2091 2977 2180 requisitionem
3006 2090 3300 2179 ejusdem

870 2207 950 2278 ,et
989 2197 1298 2279 ecclesiae,
1341 2197 1534 2263 laetus
1577 2187 1798 2263 tamen
1841 2196 1928 2263 ad
1979 2194 2313 2283 propriam
2371 2216 2559 2259 suam
2604 2193 2921 2260 remeavit
2962 2193 3299 2260 diocesim.

877 2297 1011 2380 Sed
1055 2307 1400 2384 antequam
1445 2298 1530 2364 ad
1579 2309 1852 2384 pontem
1896 2297 2085 2362 illum
2134 2295 2603 2384 periculosum,
2648 2295 2764 2364 ubi
2810 2294 3159 2361 latitabant
3199 2295 3304 2360 in-

871 2398 1062 2466 ‚sidiae
1097 2409 1174 2464 ut
1207 2399 1620 2486 praemissum
1661 2408 1786 2481 est,
1815 2399 2174 2480 deveniret,
2217 2419 2341 2486 pro
2384 2408 2566 2464 certo
2596 2397 2825 2464 didicit
2851 2397 3032 2484 quod
3070 2417 3300 2464 omnes

873 2499 1218 2566 adversarii
1246 2499 1351 2566 sui
1381 2502 1492 2588 qui
1519 2502 1590 2568 in
1619 2501 1874 2568 insidiis
1900 2502 2322 2568 latitaverant
2352 2499 2457 2566 die
2486 2499 2863 2566 immediate
2889 2500 3301 2587 praecedente

876 2623 996 2688 per
1023 2623 1175 2668 suos
1203 2600 1502 2668 inimicos
1541 2603 1802 2668 fuerant
1829 2601 2154 2682 decollati,
2184 2610 2255 2668 et
2282 2623 2512 2667 eorum
2541 2601 2919 2688 capitaneus
2958 2603 3041 2687 de
3067 2621 3304 2688 genere

878 2702 1038 2769 dicti
1066 2702 1311 2770 domini
1331 2704 1603 2770 Arnaldi
1630 2715 1864 2792 captus
1893 2714 1965 2770 et
1990 2703 2272 2770 letaliter
2292 2703 2699 2771 vulneratus.
2784 2704 3077 2770 Veniens
3105 2703 3305 2790 igitur

879 2805 1222 2893 episcopus
1249 2805 1333 2871 ad
1363 2806 1692 2874 civitatem
1725 2806 2126 2887 Kilkennioe,
2156 2805 2384 2872 statim
2412 2828 2567 2872 cum
2612 2828 2849 2893 magna
2876 2805 3302 2873 multitudine

879 2907 1281 2992 clericorum,
1299 2909 1772 2997 religiosorum,
1786 2918 1857 2976 et
1876 2909 2153 2977 aliorum
2172 2901 2495 2976 nobilium
2513 2909 2837 2995 majorum
2854 2908 3061 2976 totius
3082 2907 3308 2974 civita·

879 3009 966 3076 tis
992 3010 1136 3077 loca
1156 3033 1482 3078 carcerum
1513 3011 1832 3097 introivit,
1854 3021 1925 3079 et
1946 3011 2139 3078 tactis
2169 3010 2603 3078 sacrosanctis
2624 3010 2975 3099 evangeliis
3004 3010 3307 3099 quoesivit

881 3111 964 3178 ab
1020 3113 1428 3180 incarceratis
1483 3135 1679 3200 super
1736 3113 2027 3180 articulis
2109 3123 2180 3181 et
2232 3113 2599 3181 hoeresibus
2651 3113 3061 3203 supradictis.
3167 3113 3306 3184 Qui

880 3214 1102 3280 statim
1143 3236 1362 3281 coram
1389 3214 1697 3282 omnibus
1733 3216 1957 3282 omnia
1988 3214 2367 3282 fatebantur
2396 3216 2789 3303 supradicta,
2819 3225 2890 3283 et
2928 3216 3191 3283 illorum
3234 3226 3307 3283 et

879 3315 1236 3383 multorum
1277 3316 1552 3385 aliorum
1601 3316 1955 3383 criminum
2009 3318 2501 3384 detestabilium
2548 3318 2735 3405 quasi
2778 3318 3186 3385 infinitorum
3232 3340 3307 3385 se

876 3438 1022 3485 reos
1069 3426 1225 3484 sunt
1269 3417 1530 3505 publice
1579 3417 1957 3486 confessati.
2044 3420 2384 3487 Dixerunt
2428 3420 2630 3486 etiam
2680 3419 2921 3487 dictam
2971 3421 3305 3489 dominam

875 3516 1152 3583 Aliciam
1183 3516 1458 3604 Kyteler
1484 3517 1555 3582 in
1583 3517 1946 3603 praemissis
1978 3518 2289 3585 omnibus
2341 3542 2487 3587 esse
2530 3529 2600 3587 et
2654 3520 2859 3589 fuisse
2908 3532 3187 3590 matrem
3233 3532 3306 3591 et

874 3618 1269 3705 magistram.
1357 3618 1636 3707 Scripsit
1695 3618 1898 3705 igitur
1961 3618 2313 3708 episcopus
2368 3620 2591 3687 literas
2650 3644 2802 3689 suas
2850 3632 3153 3712 patentes
3182 3647 3308 3691 εω-

879 3720 1098 3807 pesato
1153 3720 1530 3789 cancellario
1588 3731 1667 3787 ut
1719 3721 1868 3809 ipse
1923 3722 2149 3789 literas
2207 3721 2419 3811 regias
2476 3725 2864 3793 concederet
2919 3725 3004 3793 de
3060 3727 3313 3795 domini

873 3821 1042 3909 regis
1071 3822 1463 3907 cancellaria,
1487 3844 1764 3912 quarum
1793 3832 1987 3891 tenor
2018 3823 2170 3891 talis
2200 3834 2343 3892 est·

967 3927 1013 3962 “
1041 3922 1380 4011 supplicat
1421 3934 1658 3992 vestrae
1707 3949 1965 4014 magnae
2013 3927 2417 4011 discretioni,
2454 3928 2655 3996 frater
2691 3930 2945 4017 Rogere
2985 3864 3310 4013 Outlawe,

882 4025 1253 4092 cancellarie
1281 4026 1530 4093 domini
1557 4029 1770 4095 nostri
1797 4029 1971 4117 regis
2000 4030 2307 4117 Anglioe
2288 4053 2360 4097 ιιι
2383 4028 2743 4117 Hybernia,
2770 4032 2970 4099 frater
2988 4032 3307 4100 Ricardus

881 4126 1014 4193 Dei
1040 4137 1110 4194 et
1135 4128 1509 4215 apostolicae
1552 4130 1728 4197 sedis
1775 4132 1986 4219 gratia
2016 4131 2434 4200 Ossoriensis
2475 4132 2849 4222 episcopus,
2879 4156 3033 4202 cum
3080 4134 3153 4201 in
3192 4156 3315 4201 sua

861 4228 1123 4295 ‘diocesi
1163 4229 1475 4317 praedicta
1523 4232 1944 4320 quamplures
1988 4233 2130 4300 sint
2168 4256 2472 4322 personoe
2514 4236 2599 4302 de
2641 4235 3001 4304 hoeresibus
3044 4245 3313 4319 notatae,

885 4325 1282 4411 diffamatos
1298 4341 1367 4398 et
1421 4355 1642 4399 coram
1693 4354 1774 4401 eo
1829 4334 2193 4416 indictatae,
2243 4359 2323 4403 ac
2371 4333 2573 4403 etiam
2618 4338 2953 4405 nonnulloe
3009 4359 3309 4427 persona

887 4427 1196 4510 fautores,
1223 4431 1584 4513 credentes,
1605 4444 2069 4521 receptatores,
2097 4447 2169 4503 et
2189 4436 2570 4505 defensores
2598 4438 2975 4520 earundem,
3004 4438 3311 4526 quatinus

885 4528 1252 4597 vicecomiti
1311 4530 1682 4599 Kilkennioe
1739 4536 2118 4623 caeterisque
2191 4537 2628 4606 servientibus
2700 4548 2772 4607 et
2835 4538 3097 4607 ballivis
3153 4540 3315 4609 dicti

891 4630 1240 4699 comitatus
1284 4630 1483 4700 breve
1509 4633 1762 4722 regium
1807 4636 2070 4705 mittere
2097 4637 2316 4705 velitis
2360 4661 2444 4706 ex
2485 4640 2702 4708 officio
2730 4642 3147 4724 cancellarioe,
3188 4665 3312 4731 pro

889 4733 1242 4800 earundem
1282 4733 1803 4823 investigatione,
1831 4738 2138 4826 captione
2182 4740 2329 4808 sine
2355 4764 2562 4826 mora,
2593 4766 2671 4811 ac
2704 4742 2907 4813 etiam
2948 4743 3021 4813 in
3062 4767 3317 4823 carcere

889 4836 1027 4904 sive
1051 4836 1123 4903 in
1150 4846 1364 4907 castro
1392 4838 1768 4908 Kilkenniae
1795 4842 2180 4910 detentione
2210 4852 2280 4912 et
2307 4844 2609 4912 custodia
2651 4845 2970 4935 diligenti,
2997 4869 3151 4916 cum
3192 4871 3313 4937 per

885 4937 1263 5042 episcopum
1287 4940 1721 5041 ‚diocesanum
1762 4942 2009 5013 fuerint
2049 4944 2349 5040 requisti,
2377 4947 2589 5017 donec
2614 4948 2956 5039 negotium
2996 4949 3152 5019 fidei
3192 4972 3311 5039 per
3410 4961 3431 4975 ‘
