3867 6400
99 719 2397 758 —QwawstOE-Qae
2411 721 2802 753 ιιι-»Μωα-
2816 725 3590 754 mummi—anuum·-
3598 737 3779 770 ..κων-α..κὴ

813 1340 965 1402 xxxii
1275 1417 1284 1426 .
1445 1359 1776 1404 Arrsunxx
1805 1359 1886 1400 ro
1917 1359 2053 1400 rus
2082 1358 2594 1402 innocuos-ron.

811 1521 1040 1582 quoque
1078 1502 1369 1582 disciplina
1403 1503 1796 1582 condempnat,
1836 1509 1894 1561 et
1922 1522 1976 1561 e.
2004 1521 2056 1561 c.
2080 1521 2139 1580 q.
2173 1502 2273 1580 vij.
2310 1520 2425 1560 non
2461 1498 2791 1559 observetis.
2869 1497 2987 1564 Qui
3026 1495 3213 1556 taliter

811 1599 1113 1660 observant
1145 1600 1420 1659 inutiliter
1459 1609 1519 1658 et
1555 1601 1678 1660 sine
1720 1619 1907 1670 causa,
1948 1608 2008 1659 et
2046 1607 2268 1659 caetera.
2346 1598 2512 1668 Item,
2556 1597 2606 1655 si
2646 1597 2848 1675 aliquis
2891 1590 2983 1655 vel
3020 1594 3211 1673 aliqua

805 1694 1023 1774 colligit
1059 1696 1295 1756 herbam
1332 1697 1730 1757 medicinalem
1769 1717 1896 1757 cum
1939 1695 2195 1777 symbolo
2236 1695 2443 1764 divino,
2488 1693 2579 1752 vel
2621 1693 2873 1752 oratione
2911 1692 3209 1760 dominico,

803 1798 871 1848 ut
907 1798 1085 1868 ponat
1122 1811 1292 1871 super
1319 1793 1563 1872 aliquem
1591 1793 1896 1864 infirmum,
1932 1801 2001 1852 ut
2040 1792 2121 1852 sic
2158 1793 2219 1851 in
2258 1792 2381 1852 istis
2422 1801 2611 1851 tamen
2639 1791 2801 1851 Deus
2838 1797 3061 1848 creator
3086 1807 3207 1846 om-

800 1886 958 1946 nium
1004 1896 1065 1947 et
1108 1888 1366 1949 domiuus
1419 1890 1746 1962 honoretur,
1801 1910 1916 1950 non
1972 1890 2305 1970 reprobatur
2364 1889 2635 1948 divinatio
2688 1887 2797 1946 nisi
2844 1885 2955 1946 alia
3007 1903 3204 1965 super·

803 1983 1020 2043 stitiosa
1061 1986 1418 2046 observantia
1458 1988 1778 2059 misceatur,
1820 1988 1973 2047 xxvi.
1998 2009 2057 2068 q.
2083 1987 2187 2066 vij.
2220 2007 2335 2046 non
2374 1985 2706 2045 observetis.
2788 1983 2968 2042 Poena
3007 1981 3204 2042 talium

799 2087 892 2140 est
931 2081 1235 2161 multiples.
1318 2081 1468 2142 Sunt
1509 2083 1664 2142 enim
1705 2084 1962 2153 infames,
2002 2103 2109 2142 nec
2141 2083 2347 2143 debent
2382 2083 2555 2162 recipi
2580 2082 2655 2141 ad
2680 2079 3125 2149 eucharisticam,
3154 2078 3203 2138 si

797 2179 1083 2237 notorium
1108 2187 1196 2238 est
1221 2188 1534 2258 peccatum,
1555 2180 1702 2238 sicut
1723 2199 1832 2238 nec
1856 2179 2180 2240 instriones.
2196 2181 2253 2239 d.
2272 2201 2324 2240 c.
2339 2181 2415 2240 di.
2434 2181 2493 2238 ii.
2512 2199 2617 2260 pro
2636 2177 2955 2238 dilectione.
3034 2176 3201 2245 Item,

795 2291 914 2332 non
959 2273 1165 2334 debent
1210 2275 1434 2334 admitti
1479 2274 1555 2336 ad
1600 2276 2053 2347 accusationemg
2110 2276 2168 2334 ii.
2194 2295 2255 2354 q.
2280 2275 2398 2354 viij.
2424 2274 2701 2354 quisquis.
2780 2273 2947 2343 Item,
2991 2271 3201 2331 debent

793 2371 1307 2440 excommunicat-ig
1361 2371 1518 2450 xxiij.
1553 2391 1612 2450 q.
1641 2391 1698 2430 v.
1731 2371 1854 2430 fere
1896 2390 2002 2450 per
2036 2379 2239 2432 totum.
2323 2370 2487 2440 Item,
2514 2370 2563 2428 si
2602 2376 2735 2449 post
2757 2367 3197 2427 admonitionem

793 2465 884 2547 vel
904 2468 1532 2527 excommunicationem
1552 2468 1836 2526 noluerint
1854 2487 1915 2527 se
1935 2468 2234 2544 corrigere,
2256 2468 2304 2525 si
2326 2467 2475 2525 servi
2494 2474 2629 2525 sunt
2644 2465 2851 2524 debent
2867 2464 3196 2524 verberibus

675 2617 684 2626 .
790 2549 1069 2642 castigari,
1109 2565 1156 2622 si
1195 2565 1361 2623 liberi
1399 2564 1610 2623 includi
1649 2566 1710 2624 in
1751 2583 2054 2634 carcerem,
2081 2563 2171 2622 vel
2210 2563 2433 2642 utrique
2474 2572 2609 2621 sunt
2648 2562 2720 2621 de
2759 2561 3027 2640 parochia
3072 2569 3193 2620 tur·

785 2660 932 2738 piter
957 2659 1325 2732 dehonestati,
1351 2661 1389 2720 i.
1404 2681 1458 2720 e.
1483 2662 1758 2720 tonsorati
1786 2661 1877 2720 vel
1904 2659 2198 2730 decalvati,
2212 2659 2469 2740 ejiciendi
2485 2680 2504 2718 z
2544 2667 2605 2718 et
2626 2657 2740 2717 boc
2764 2665 2953 2736 potest
2976 2657 3197 2736 episcoss

785 2776 893 2836 pus
947 2775 1052 2817 sua
1095 2757 1427 2818 auctoritate
1466 2759 1673 2828 facere,
1716 2757 1855 2816 dum
1905 2766 2097 2816 tamen
2144 2765 2338 2817 caveat
2373 2777 2410 2816 a
2460 2756 2702 2816 membri
2748 2754 3190 2828 detruncatione,

784 2861 986 2924 morte,
1011 2863 1073 2913 et
1097 2855 1383 2932 sanguinis
1423 2855 1730 2924 effusioneg
1770 2855 1860 2914 vel
1897 2855 1947 2913 si
1978 2874 2206 2915 necesse
2240 2855 2314 2914 sit
2338 2854 2561 2913 invocet
2584 2853 2877 2912 brachium
2916 2853 3189 2925 semlai-e,

783 2951 934 3008 xxvi.
961 2970 1019 3028 q.
1045 2971 1126 3020 v„
1166 2970 1283 3010 non
1321 2951 1500 3010 licuit.
1581 2950 1904 3010 Secundum
1940 2949 2118 3028 leges,
2158 2948 2339 3026 capite
2375 2950 2707 3029 puniuntur,
2734 2969 2786 3010 c.
2813 2950 2885 3010 de
2920 2950 3086 3011 malis
3125 2961 3187 3011 et

781 3067 892 3106 ma.
917 3047 1044 3106 sub.
1067 3067 1253 3108 nemo.
1319 3065 1324 3072 ·

865 3145 1020 3213 Quid
1061 3144 1132 3205 de
1173 3145 1557 3206 sacerdotibus
1591 3155 1652 3207 et
1689 3145 1985 3225 religiosis,
2024 3143 2227 3223 quibus
2256 3162 2392 3203 vasa
2430 3144 2521 3204 vel
2566 3152 2889 3205 ornamenta
2932 3143 3187 3206 ecclesio

781 3241 873 3300 vel
913 3240 1115 3301 similia
1151 3241 1351 3301 furtim
1393 3243 1680 3301 subtracta
1719 3250 1885 3311 sunt3
1925 3241 2019 3300 vel
2056 3242 2225 3300 etiam
2246 3241 2331 3300 de
2366 3239 2525 3300 laicis
2566 3243 2770 3321 quibu·
2812 3263 2905 3303 res
2943 3244 3186 3323 proprio

746 3398 754 3405 ,
776 3330 935 3397 furto
963 3338 1184 3397 sublata
1209 3346 1378 3407 sunt;
1413 3337 1687 3416 numquid
1705 3346 1973 3417 poterunt
1997 3357 2102 3417 per
2126 3337 2527 3417 inspectionem
2552 3338 2837 3399 astralabii
2863 3340 2956 3399 vel
2983 3342 3187 3401 similia

776 3434 1114 3512 investigare
1131 3434 1161 3495 P
1247 3432 1348 3493 Ad
1382 3432 1496 3492 hoc
1543 3434 1696 3493 dicas
1751 3432 2063 3492 secundum
2108 3452 2322 3504 omnes,
2370 3433 2525 3512 quod
2575 3433 2625 3493 si
2670 3434 2740 3493 fit
2777 3435 2855 3493 ibi
2902 3436 3184 3498 invocatio

777 3530 1098 3589 daemonum
1119 3530 1210 3590 vel
1237 3529 1391 3588 aliud
1417 3530 1883 3607 superstitiosum,
1901 3529 2061 3589 nullo
2075 3530 2245 3589 modo
2269 3529 2419 3600 licet,
2438 3530 2613 3589 immo
2632 3532 2965 3610 gravissime
2984 3544 3183 3613 peccet

773 3628 1093 3708 quicunque
1117 3628 1272 3699 facit,
1300 3636 1462 3687 extra
1485 3648 1538 3687 e.
1562 3634 1866 3687 extremm.
1950 3626 2071 3687 Ubi
2098 3625 2342 3705 quidam,
2367 3626 2504 3685 licet
2536 3626 2779 3705 juvenili
2818 3629 3177 3709 simplicitate

773 3733 834 3783 et
849 3725 1002 3784 bono
1023 3723 1144 3783 zelo
1169 3725 1414 3795 fecisset,
1441 3723 1554 3783 fuit
1578 3731 1766 3782 tamen
1787 3741 2094 3801 suspensus
2120 3722 2193 3782 ab
2218 3722 2405 3782 officio
2430 3730 2491 3781 et
2516 3723 2811 3787 beneficio.
2901 3723 2963 3784 Si
2986 3734 3179 3787 autem

773 3820 902 3880 talis
942 3820 1213 3900 inspectio
1241 3820 1405 3879 fleret
1440 3818 1766 3897 simpliciter
1791 3836 1894 3897 per
1918 3819 2339 3904 astronomiam,
2372 3838 2491 3878 non
2529 3819 2803 3879 invocatis
2830 3820 3180 3884 damonibus

771 3936 876 3977 nec
901 3916 1013 3977 alio
1041 3916 1432 3995 superstitioso
1455 3915 1786 3993 adjumento
1810 3914 1963 3973 forte
1988 3924 2181 3993 posset
2204 3918 2393 3977 amicti
2432 3920 2532 3977 1²⁰.
2557 3939 2594 3978 a
2618 3921 2900 3980 contrario
2938 3940 3177 3984 assensu

768 4014 1143 4093 praealleg-atoe
1185 4012 1308 4071 dec.
1333 4021 1394 4072 et
1419 4011 1498 4071 di.
1523 4011 1736 4090 xxxvij.
1772 4010 1820 4071 si
1860 4012 1991 4090 quis
2029 4014 2411 4090 gramaticam,
2448 4024 2507 4074 et
2552 4016 2636 4075 ita
2674 4016 2871 4077 dicunt
2908 4020 3137 4097 quidam
3154 4044 3174 4083 z

769 4118 962 4169 tamen
1000 4112 1060 4169 in
1085 4110 1284 4171 eodem
1311 4110 1432 4168 dec.
1452 4108 1674 4179 dicitur,
1701 4108 1856 4188 quod
1892 4108 2027 4169 licet
2054 4110 2443 4189 quadruviales
2468 4121 2620 4173 artes
2660 4113 2719 4172 in
2747 4133 2810 4173 se
2848 4114 3174 4175 contineant

765 4214 1038 4275 mertstoe,
1049 4204 1146 4287 (2)
1181 4214 1372 4264 tamen
1398 4204 1534 4283 quia
1555 4224 1673 4263 non
1701 4215 1836 4265 sunt
1858 4206 2101 4285 pietatis,
2130 4227 2243 4267 non
2270 4220 2359 4268 est
2383 4210 2444 4269 in
2470 4212 2553 4269 eis
2580 4210 2937 4271 studendum.
3003 4212 3171 4284 Item,

771 4300 908 4380 quid
947 4301 1018 4360 de
1066 4299 1444 4358 sacerdotibus
1487 4300 1585 4378 qui
1627 4320 1799 4359 causa
1838 4300 2049 4360 doloris
2090 4307 2345 4381 permoti,
2386 4316 2452 4367 ut
2490 4308 2667 4367 altare
2705 4309 2957 4369 vestibus
2998 4312 3173 4371 sacris

767 4405 998 4466 exuunt,
1039 4404 1137 4455 aut
1183 4394 1433 4473 qualibet
1469 4395 1580 4454 alia
1617 4395 1847 4474 lugubri
1891 4406 2051 4457 veste
2098 4400 2372 4477 operiunt,
2415 4410 2515 4461 aut
2561 4410 2832 4462 consueta
2872 4402 3172 4467 luminaria

769 4490 1125 4561 subtrahunt,
1150 4499 1249 4549 aut
1273 4489 1454 4550 altare
1480 4490 1573 4550 vel
1598 4491 1926 4551 crucifixum
1954 4494 2129 4572 spinis
2154 4494 2517 4557 circumdant.

848 4586 1004 4653 Quid
1029 4587 1196 4646 etism
1228 4586 1300 4645 de
1325 4586 1440 4645 illis
1465 4588 1564 4666 qui
1589 4588 1822 4667 pronius
1863 4589 2107 4647 scienter
2132 4598 2359 4649 cantant
2382 4592 2611 4651 missam
2638 4592 3051 4669 defunctorum,
3076 4598 3170 4659 vel

765 4684 870 4744 sub
897 4683 1124 4744 nomine
1141 4681 1372 4741 illorum
1399 4702 1543 4762 quos
1570 4683 1769 4744 odiunt
1793 4685 2069 4744 feretrum
2094 4706 2225 4745 cum
2251 4689 2497 4765 exequiis
2522 4697 2875 4751 mortuorum
2900 4692 2961 4751 in
2980 4695 3170 4756 medio

763 4780 1010 4840 ecclesia
1052 4787 1290 4860 ponunt,
1314 4778 1411 4838 vel
1432 4779 1561 4839 alis
1601 4781 1804 4841 similia
1826 4781 2063 4852 faciunt,
2090 4792 2155 4841 ut
2179 4782 2261 4840 illi
2286 4783 2449 4843 citius
2475 4785 2788 4846 moriantur
2806 4788 2836 4848 ?
2924 4790 3023 4850 Ad
3056 4766 3169 4852 lioc

767 4874 910 4945 dico,
937 4874 1090 4953 quod
1125 4874 1174 4935 si
1199 4873 1414 4953 aliquid
1452 4874 1850 4954 praedictorum
1877 4876 1980 4937 flat
2018 4886 2249 4956 propter
2282 4878 2471 4939 odium
2510 4881 2810 4960 privatum,
2834 4886 3167 4963 gravissime
