3867 6400
1573 1169 1580 1176 '
1609 1170 1751 1218 ‘OB
1781 1169 2135 1218 senemr?-
2272 1191 2281 1196 ·
2316 1171 2324 1177 ’
2366 1199 2379 1208 -

653 1318 990 1400 suadente,
1047 1327 1197 1400 etc„
1265 1318 1546 1386 maxime
1603 1319 1756 1408 quia
1812 1343 2008 1388 causa
2064 1319 2371 1388 omnibus
2432 1331 2591 1388 nota
2646 1331 2803 1397 erat,
2870 1319 3141 1387 etiam
3178 1311 3187 1314 ’
3312 1389 3323 1395 ,

651 1418 1024 1508 pastoribus
1063 1431 1134 1487 et
1179 1420 1503 1488 bubulcis.
1593 1421 1873 1490 Ratione
1923 1425 2111 1510 cujus
2141 1423 2513 1506 interdicti,
2558 1425 2707 1512 quia
2750 1423 2971 1490 locus
3040 1422 3135 1486 in

652 1530 784 1608 q'uo
813 1520 1226 1588 detinebatur
1251 1524 1598 1610 episcopus
1637 1524 2004 1612 specialiter
2032 1525 2387 1592 includitur
2426 1525 2497 1591 in
2526 1527 2775 1607 eodem,
2824 1522 3131 1613 petivit

649 1620 1000 1709 episcopus
1027 1645 1266 1711 eorpus
1297 1624 1545 1691 Christi
1589 1648 1800 1713 usque
1826 1626 1913 1692 ad
1954 1647 2277 1692 carcerem
2324 1625 2450 1692 sibi
2490 1626 2833 1712 deportari„
2922 1628 3123 1692 De-

649 1745 852 1791 canus
897 1724 1094 1811 igitur
1131 1737 1202 1792 et
1243 1727 1602 1814 capitulum
1651 1750 1803 1794 cum
1849 1737 1993 1794 toto
2038 1727 2211 1794 clero
2256 1726 2559 1810 civitatis,
2602 1728 2947 1816 religiosis,
3014 1738 3117 1794 et

648 1825 814 1906 aliis,
843 1849 1080 1915 corpus
1113 1826 1360 1894 Christi
1399 1853 1550 1898 eum
1596 1854 1831 1919 magna
1858 1833 2217 1898 reverentia
2244 1841 2313 1899 et
2346 1833 2595 1900 honore
2622 1833 2757 1899 sibi
2794 1845 3117 1920 proces-'

649 1929 986 1996 sionaliter
1029 1930 1428 2000 detulerunt.
1526 1935 1727 2002 Quod
1779 1936 2015 2002 devote
2072 1934 2415 2022 recipiens,
2462 1957 2721 2001 causam
2776 1935 2925 2002 fidei
3000 1937 3100 2002 et

649 2031 940 2100 ecclesiae
983 2032 1398 2122 animamque
1443 2038 1584 2124 ejus
1639 2036 1908 2104 Christo
1964 2037 2525 2118 recommendans,
2571 2059 2805 2126 corpus
2860 2061 3089 2103 suum

647 2157 866 2202 eoram
925 2133 1230 2203 omnibus
1289 2136 1360 2203 in
1418 2159 1612 2206 causa
1665 2140 1820 2207 fidei
1875 2151 2371 2229 prosecutorum
2427 2138 2682 2227 publice
2728 2140 3085 2206 commisit

639 2238 986 2306 voluntati.
1071 2239 1376 2306 Efficitur
1401 2241 1643 2309 clamor
1670 2266 1967 2332 magnus,
1996 2253 2065 2310 et
2090 2264 2321 2310 omnes
2349 2251 2485 2308 tam
2515 2241 2830 2309 seculares
2857 2266 3073 2330 quam

643 2339 930 2427 religiosi
985 2341 1407 2408 confluebant
1459 2345 1544 2410 ad
1599 2353 1908 2424 castrum,
1958 2353 2027 2410 ct
2076 2353 2419 2431 assumpto
2471 2343 2756 2411 themate
2810 2367 2927 2432 per
2971 2368 3065 2412 on

643 2443 984 2529 cujusdam
1015 2443 1231 2509 fratris
1259 2445 1722 2530 praedicatoris,
1753 2447 1944 2513 Beati
1972 2446 2101 2534 qui·
2132 2439 2652 2534 persecutionem
2694 2446 3053 2533 patiuntur,

641 2555 792 2626 etc„
821 2547 1200 2633 episcopum
1227 2568 1310 2612 ex
1337 2557 1522 2634 parte
1550 2549 1733 2615 omni
1761 2548 2236 2616 confortabant.

731 2648 902 2716 Quoe
929 2647 1160 2715 videns
1189 2648 1404 2715 dictus
1439 2649 1825 2732 willelmus,
1853 2650 1976 2716 ivit
2002 2649 2085 2716 ad
2116 2647 2459 2717 dominum
2489 2649 2849 2716 Amaldum
2876 2653 3049 2738 apud
3112 2613 3119 2616 -

645 2750 918 2833 Kenles,
963 2751 1174 2817 eidem
1226 2752 1570 2819 efficaciter
1613 2775 1967 2841 suggerens
2023 2753 2203 2841 quod
2259 2762 2441 2818 totus
2486 2752 2694 2820 clerus
2744 2763 2815 2820 et
2857 2754 3051 2822 etiam

638 2852 926 2942 populus
984 2853 1266 2922 civitatis
1317 2853 1738 2921 confluebant
1785 2855 1870 2922 ad
1925 2865 2237 2936 castrum,
2289 2863 2360 2921 et
2408 2853 2715 2942 episcopo
2770 2854 3050 2923 honores

639 2955 883 3022 multos
922 2965 992 3022 et
1029 2957 1424 3024 reverentias
1453 2953 1871 3038 exhibebant,
1897 2956 2090 3023 xenia
2131 2954 2606 3043 quamplurima
2645 2956 2859 3024 eidem
2900 2958 3051 3024 mit·

637 3058 892 3140 tabant,
931 3059 1110 3126 unde
1149 3070 1218 3126 et
1271 3059 1459 3128 locus
1507 3059 1618 3126 ille
1661 3079 1800 3125 non
1841 3081 2059 3126 career
2102 3057 2219 3124 sed
2262 3057 2500 3123 domus
2546 3059 2831 3126 convivii
2870 3059 3049 3128 vide·

635 3162 874 3243 batur3
927 3171 996 3229 et
1040 3162 1219 3250 quod
1268 3185 1497 3230 omnes
1543 3163 1630 3229 ad
1669 3160 2197 3229 benedictionem
2242 3183 2429 3227 suam
2472 3160 2889 3231 confluebant
2930 3185 3049 3252 pe·

555 3283 562 3289 '
635 3264 928 3346 tendam,
957 3264 1130 3331 sicut
1167 3264 1470 3331 homines
1498 3264 1584 3329 ad
1620 3263 1842 3331 locum
1883 3262 2421 3352 peregrinationis
2466 3262 2679 3331 solent
2704 3265 3047 3335 confluere.

635 3366 774 3437 Qui
824 3366 1052 3432 statim
1097 3366 1330 3453 majori
1377 3366 1859 3433 constabulario
1898 3365 2212 3433 accersito
2256 3366 2327 3431 in
2369 3366 2717 3453 praesentia
2757 3368 3048 3455 ejusdem

631 3470 952 3535 Willelmi
995 3464 1078 3535 si*
1094 3491 1200 3535 res
1227 3469 1320 3534 ita
1349 3490 1421 3535 se
1446 3468 1720 3549 hab-eret
1745 3469 2071 3556 quoesivit,
2100 3468 2393 3537 districte
2418 3468 2721 3535 inhibens
2748 3493 2824 3537 ac
2850 3472 3047 3537 ctiam

631 3571 1029 3639 interdicens
1075 3594 1162 3641 ne
1199 3571 1344 3660 quis
1388 3593 1726 3638 accessum
1770 3572 1854 3638 ad
1893 3573 2115 3638 locum
2157 3571 2429 3639 carceris
2471 3569 2730 3653 habeat,
2758 3572 3045 3661 exceptis

633 3695 770 3740 uno
796 3674 996 3739 fratre
1036 3672 1214 3740 socio
1251 3683 1321 3739 et
1361 3694 1498 3739 uno
1527 3672 1772 3740 famulo
1801 3673 1884 3738 ad
1927 3673 2298 3739 faciendum
2342 3672 2470 3740 sibi
2514 3671 2759 3739 lectum
2800 3683 2871 3741 et
2906 3696 3043 3741 uno

629 3776 932 3863 garcione
961 3775 1044 3841 ad
1072 3773 1434 3861 parandum
1465 3774 1592 3841 sibi
1619 3774 1967 3863 prandium
1996 3797 2117 3863 pro
2144 3774 2449 3862 coquina.
2538 3774 2665 3841 Cui
2704 3776 3045 3863 respondit

630 3876 1184 3945 constabularium
1257 3882 1304 3917 “
1345 3878 1700 3958 Domine,”
1756 3877 1991 3963 inquit,
2048 3881 2094 3916 “
2132 3898 2239 3943 res
2294 3876 2424 3941 ista
2478 3886 2581 3943 est
2633 3898 2807 3943 nova
2852 3887 2923 3944 et
2968 3878 3039 3946 in

633 3980 975 4070 Hybernia
1019 3979 1333 4061 inaudita,
1379 3980 1556 4068 quod
1621 3980 1768 4067 quis
1816 3978 2166 4068 episeopus
2208 3978 2339 4045 fuit
2384 3979 2855 4061 incaroemtus3
2916 4002 3041 4048 nec

631 4086 874 4151 scimus
923 4106 1119 4171 quem
1163 4083 1413 4150 exitum
1457 4105 1576 4149 seu
1617 4082 1816 4149 finem
1855 4081 2195 4168 negotium
2222 4081 2474 4171 capiet3
2522 4104 2645 4149 nee
2671 4104 2793 4169 ego
2837 4082 3041 4151 homo

631 4210 779 4254 sum
821 4186 970 4253 talis
1000 4186 1177 4273 quod
1229 4195 1488 4253 tantum
1533 4195 1602 4252 et
1629 4185 1826 4251 talem
1872 4184 2215 4272 praelatum
2242 4184 2570 4251 custodire
2598 4184 2872 4251 audeam
2919 4206 3043 4272 per

626 4291 806 4356 hunc
850 4289 1164 4355 modum:
1215 4289 1440 4376 potius
1482 4309 1604 4375 ego
1632 4287 1846 4353 officio
1885 4296 1956 4352 et
1999 4286 2318 4355 beneficio
2363 4285 2756 4353 renunciabo
2797 4286 3039 4375 imper-

625 4400 924 4477 petuum,
951 4411 1146 4476 quam
1177 4410 1296 4476 per
1323 4410 1428 4454 me
1457 4388 1552 4455 sic
1580 4387 1814 4455 debeat
1841 4388 2153 4456 custodiri
2180 4410 2255 4455 ac
2281 4389 2479 4456 etiam
2508 4389 2847 4457 detineriss'
2930 4390 3037 4455 Eo

488 4493 496 4500 ’
623 4492 823 4579 igitur
878 4513 1016 4557 non
1073 4490 1397 4573 obstante,
1453 4490 1753 4578 permisit
1807 4490 2326 4557 constabularius
2383 4492 2761 4579 episcopum
2833 4490 3038 4557 libere

622 4593 864 4660 habere
901 4594 972 4656 in
1025 4613 1144 4657 sua
1172 4592 1479 4658 comitiva
1509 4592 1614 4658 die
1660 4602 1730 4659 et
1773 4602 1969 4659 nocte
1997 4592 2068 4657 in
2116 4592 2263 4658 loco
2293 4594 2563 4661 carceris
2602 4593 2766 4659 ‹luos
2804 4594 3039 4660 fratres·

623 4696 909 4763 minores
939 4702 1010 4761 et
1037 4694 1203 4759 duos
1232 4693 1460 4762 fratres
1510 4694 1971 4783 praedicatores·
1992 4705 2062 4763 et
2090 4692 2255 4761 duos
2284 4696 2651 4785 capellanos
2694 4694 3037 4778 seculares,-

711 4817 941 4866 σιω».
986 4813 1137 4861 soc.
1419 4843 1424 4847 .
1651 4843 1658 4851 .
2522 4818 2564 4865 ο

3096 1154 3153 1214 9
