3867 6400
934 1451 1021 1513 40
1268 1464 1777 1513 paona-‚numos
1808 1463 2134 1512 auarus-r
2165 1463 2378 1508 naue
2412 1464 2638 1511 Amor.
2673 1463 3040 1512 urrunnu.

931 1623 1313 1702 opponeret,
1353 1636 1474 1701 pro
1502 1613 1733 1682 eadem
1782 1614 2156 1702 injunctum
2185 1622 2344 1680 erat
2357 1613 2483 1680 sibi
2512 1615 2688 1703 quod
2717 1615 2912 1682 citius
2941 1636 3073 1703 quo
3115 1619 3345 1700 posset

924 1716 1151 1782 limina
1198 1716 1494 1784 visitaret
1532 1716 1707 1782 beati
1744 1716 2020 1782 Thomae
2061 1715 2402 1804 Martyris,
2439 1725 2512 1782 et
2546 1714 2792 1782 ibidem
2841 1716 3102 1804 publice
3147 1737 3342 1782 suum

928 1818 1205 1885 fateatur
1230 1827 1506 1886 reatum.
1594 1819 1801 1886 Omni
1846 1817 2043 1884 etiam
2095 1817 2256 1885 feria
2292 1816 2485 1883 tertia
2530 1839 2570 1882 a
2615 1817 2918 1890 carnibus
2955 1818 3341 1898 abstineret,

929 1919 1135 1986 donec
1164 1942 1351 1986 suam
1397 1919 1822 2008 compleverit
1856 1918 2471 2007 peregrinationem.
2559 1918 2829 1988 Publice
2877 1921 3076 1988 etiam
3121 1941 3341 1986 coram

926 2018 1232 2086 omnibus
1282 2023 1656 2109 juramento
1714 2043 1788 2088 se
1844 2021 2171 2102 astrinxit,
2223 2019 2399 2107 quod
2457 2019 2516 2085 si
2573 2020 2911 2109 contingat
2963 2022 3184 2108 ipsum
3237 2019 3343 2087 in-

924 2131 1285 2207 posterum,
1328 2124 1589 2212 publice
1623 2125 1731 2191 vel
1772 2123 2048 2205 occulte,
2075 2122 2279 2194 ,verbo
2308 2122 2415 2188 vel
2457 2143 2678 2209 opere,
2720 2135 2948 2190 contra
2981 2122 3344 2203 ecclesiam,

926 2223 1329 2312 episcopum,
1350 2226 1457 2292 vel
1485 2225 1763 2312 aliquem
1786 2225 1868 2292 de
1890 2225 2048 2306 suis,
2077 2223 2432 2312 insurgere,
2449 2225 2627 2311 quod
2648 2224 2814 2312 ipse,
2827 2225 3122 2292 hoeredes
3152 2224 3254 2290 sui
3273 2231 3344 2289 et

924 2336 1322 2407 executores,
1340 2326 1609 2412 obligati
1629 2326 1765 2392 sint
1784 2325 2094 2414 episcopo
2111 2334 2183 2392 et
2202 2325 2690 2391 successoribus
2713 2327 2852 2392 suis
2873 2327 2943 2392 in
2965 2327 3142 2395 mille
3155 2327 3340 2393 libris

924 2427 1402 2512 sterlingorum,
1432 2426 1767 2494 solvendis
1794 2437 1865 2494 et
1890 2427 2187 2494 levandis
2230 2447 2354 2513 pro
2383 2427 2676 2516 episcopi
2701 2430 3062 2496 voluntate.
3152 2428 3336 2497 Quas

922 2527 1185 2615 quidem
1236 2529 1653 2616 poenitentias
1696 2538 2028 2616 gratanter
2076 2537 2146 2595 et
2191 2527 2554 2614 gaudenter
2607 2551 2826 2597 coram
2873 2531 3178 2599 omnibus
3225 2533 3340 2598 ad-

922 2623 1123 2711 misit,
1164 2641 1233 2696 et
1278 2630 1371 2698 sic
1418 2631 1543 2696 sub
1592 2651 1710 2718 spe
1756 2629 2233 2697 emendationis
2277 2629 2434 2697 vitre
2479 2653 2618 2698 suae
2663 2655 2703 2698 a
2751 2655 3005 2703 carcere
3049 2635 3338 2704 ecclesiae

912 2730 1198 2818 gratiose
1226 2730 1444 2801 extitit
1468 2731 1802 2798 liberatus.

1005 2834 1113 2900 De
1170 2831 1425 2900 caeteris
1484 2842 1703 2899 autem
1778 2832 2103 2900 hoereticis
2161 2855 2238 2901 ac
2264 2832 2492 2906 ‚etiam
2569 2835 2894 2924 sortilegis
2961 2849 3338 2928 memorato

920 2935 1249 3003 societatis
1302 2935 1627 3022 pestiferoe
1682 2935 1982 3022 praedicti
2039 2934 2283 3002 Robini
2332 2935 2452 3005 filii
2477 3023 2484 3028 Ι
2507 2936 2715 3018 Artis,
2773 2938 3118 3008 observato
3167 2942 3339 3029 juris
3425 3015 3449 3024 ,

910 3034 1169 3114 ordine,
1212 3035 1475 3122 quidam
1518 3057 1603 3102 ex
1651 3035 1747 3101 eis
1796 3033 2056 3122 publice
2096 3047 2254 3104 sunt
2291 3036 2644 3119 combusti,
2683 3039 2794 3104 alii
2829 3040 3090 3128 publice
3117 3065 3340 3112 coram
3407 3045 3410 3048 ’

912 3145 1065 3205 toto
1113 3136 1358 3226 populo
1407 3159 1527 3203 sua
1569 3137 1946 3225 detegentes
1988 3137 2276 3206 facinora
2315 3139 2387 3205 in
2429 3149 2614 3207 veste
2663 3142 2980 3229 superiori
3020 3154 3178 3232 post
3199 3144 3342 3217 ab·

911 3240 1197 3326 juratam
1244 3238 1546 3307 haeresim
1594 3250 1747 3307 ants
1786 3248 1857 3305 et
1906 3247 2080 3305 retro
2117 3250 2200 3307 ut
2241 3240 2444 3307 moris
2492 3252 2596 3309 est
2639 3253 2799 3309 sunt
2843 3268 3032 3315 cruce
3083 3249 3342 3337 signati,

906 3342 1029 3407 alii
1083 3364 1203 3430 per
1259 3342 1591 3408 civitatem
1646 3351 1717 3408 et
1774 3352 2138 3409 mercatum
2196 3342 2559 3409 solenniter
2612 3343 2929 3432 fustigati,
2985 3349 3097 3416 alii
3153 3362 3338 3419 exn-a

917 3444 1251 3511 civitatem
1278 3453 1348 3510 et
1374 3443 1686 3511 diocesim
1728 3442 1996 3525 exulati,
2025 3444 2134 3510 alii
2175 3442 2703 3530 jurisdictionem
2747 3448 3037 3517 ecclesiae
3081 3451 3340 3534 subter.-

918 3547 1243 3633 fugientes
1271 3545 1531 3634 publice
1560 3555 1717 3611 sunt
1744 3544 2313 3626 excommunicati,
2341 3544 2451 3611 alii
2489 3566 2626 3633 proe
2653 3546 2890 3617 timore
2917 3552 3240 3641 fugientes
3268 3564 3340 3622 et

910 3648 1249 3715 latitantes
1297 3647 1593 3713 nondum
1644 3655 1807 3713 sunt
1851 3645 2128 3713 inventi.
2213 3645 2309 3711 Et
2359 3646 2454 3711 sic
2501 3646 2699 3713 nidus
2735 3650 2866 3725 ,ille
2915 3654 3338 3741 turpissimus

916 3749 1303 3816 auctoritate
1358 3759 1601 3815 sanctae
1658 3747 1886 3814 matris
1935 3746 2247 3829 ecclesioe,
2316 3746 2668 3825 auxiliante
2716 3754 3034 3837 Domino,
3085 3755 3167 3822 de
3218 3780 3338 3824 m
3449 3816 3458 3825 ,

904 3851 1123 3939 gratia
1166 3850 1430 3938 speciali
1484 3849 1839 3938 dissipatus
1896 3858 2003 3916 est
2049 3857 2119 3916 et
2167 3848 2568 3931 destructus,
2615 3856 2685 3915 et
2735 3844 2961 3932 utique
3003 3864 3158 3909 vere
3207 3842 3337 3929 dici

906 3960 1160 4041 potest,
1188 3951 1363 4040 quod
1406 3952 1491 4019 de
1520 3952 1729 4039 gratia
1754 3951 1886 4018 Dei
1930 3950 2217 4039 speciali.
2305 3952 2484 4018 Nam
2527 3951 2600 4019 in
2639 3960 2776 4017 tam
2818 3944 3018 4013 ardua
3045 3966 3242 4011 causa
3268 3954 3340 4011 et

902 4054 1091 4123 inter
1112 4064 1237 4129 ,tot
1279 4055 1549 4121 adversa
1586 4064 1668 4129 et,
1682 4064 1911 4121 contra
1955 4062 2060 4121 tot
2103 4053 2504 4121 adversarios
2552 4063 2689 4119 tam
2733 4057 3062 4139 potentes,
3107 4058 3338 4117 contre

904 4158 1113 4237 ,etiam
1140 4166 1247 4235 tot
1272 4168 1341 4225 et
1367 4166 1589 4224 tantos
1618 4158 1970 4223 advocatos
2002 4154 2542 4244 jurisperitiores,
2581 4176 2748 4243 quos
2776 4153 2965 4218 Deus
3001 4150 3075 4216 in
3117 4148 3336 4217 medio

903 4260 1135 4349 legum
1194 4283 1457 4327 suarum
1514 4260 1883 4341 excaecavit,
1930 4258 2090 4327 licet
2145 4258 2338 4326 multi
2395 4259 2640 4326 fuerint
2683 4255 2876 4323 amici
2931 4254 3006 4319 in
3060 4262 3337 4337 secreto,

908 4364 1055 4434 imo
1082 4364 1271 4450 quasi
1312 4386 1542 4430 omnes
1586 4364 1972 4451 episcopum
2009 4362 2096 4429 ad
2138 4360 2580 4429 constantiam
2623 4358 3011 4439 animantes,
3053 4377 3192 4422 non
3233 4364 3340 4423 est

906 4474 1141 4532 tamen
1170 4463 1253 4530 de
1280 4473 1421 4530 tota
1438 4463 1779 4553 Hybernia
1804 4464 2074 4531 inventa
2099 4484 2387 4550 persona
2413 4485 2547 4529 una
2575 4483 2720 4549 quae
2753 4458 3015 4548 publice
3041 4457 3242 4525 venet
3269 4476 3340 4525 et

914 4566 1189 4633 auderet
1230 4587 1302 4631 se
1329 4586 1681 4653 opponere,
1716 4564 1855 4630 sola
1897 4585 2181 4651 persona
2217 4563 2512 4651 episcopi
2561 4570 2858 4649 excepta,
2897 4558 3011 4648 qui
3057 4569 3335 4627 mortem

906 4669 987 4739 in
1016 4691 1213 4736 eausa
1237 4666 1391 4737 fidei
1418 4688 1616 4756 quam
1658 4664 1992 4735 affectavit
2023 4674 2095 4733 et
2133 4666 2293 4732 satis
2321 4664 2666 4751 diligenter
2693 4662 3000 4753 quoesivit
3040 4663 3336 4743 nondum
3373 4714 3378 4721 .

903 4769 1191 4841 invenit.
