<?xml version="1.0" encoding="UTF-8"?>
<!DOCTYPE html PUBLIC "-//W3C//DTD XHTML 1.0 Transitional//EN"
    "http://www.w3.org/TR/xhtml1/DTD/xhtml1-transitional.dtd">
<html xmlns="http://www.w3.org/1999/xhtml" xml:lang="en" lang="en">
 <head>
  <title>
</title>
<meta http-equiv="Content-Type" content="text/html;charset=utf-8" />
  <meta name='ocr-system' content='tesseract 3.04.00' />
  <meta name='ocr-capabilities' content='ocr_page ocr_carea ocr_par ocr_line ocrx_word'/>
</head>
<body>
  <div class='ocr_page' id='page_1' title='image "./acontemporaryna00wriggoog_0068.png"; bbox 0 0 3867 6400; ppageno 0'>
   <div class='ocr_carea' id='block_1_1' title="bbox 835 1392 2909 1460">
    <p class='ocr_par' dir='ltr' id='par_1_1' title="bbox 835 1392 2909 1460">
     <span class='ocr_line' id='line_1_1' title="bbox 835 1392 2909 1460; baseline -0.01 -2"><span class='ocrx_word' id='word_1_1' title='bbox 835 1401 916 1460; x_wconf 71' lang='lat'><strong>12</strong></span> <span class='ocrx_word' id='word_1_2' title='bbox 1162 1407 1664 1457; x_wconf 67' lang='lat' dir='ltr'><strong>Pnocnnmnes</strong></span> <span class='ocrx_word' id='word_1_3' title='bbox 1692 1403 2017 1452; x_wconf 61' lang='lat' dir='ltr'><strong>Anauni·</strong></span> <span class='ocrx_word' id='word_1_4' title='bbox 2048 1401 2264 1449; x_wconf 67' lang='lat' dir='ltr'><strong>»Aut</strong></span> <span class='ocrx_word' id='word_1_5' title='bbox 2300 1399 2527 1448; x_wconf 67' lang='lat' dir='ltr'><strong>Amet</strong></span> <span class='ocrx_word' id='word_1_6' title='bbox 2561 1392 2909 1444; x_wconf 66' lang='lat' dir='ltr'><strong>KYTBLBB</strong></span> 
     </span>
    </p>
   </div>
   <div class='ocr_carea' id='block_1_2' title="bbox 830 1537 3390 4983">
    <p class='ocr_par' dir='ltr' id='par_1_2' title="bbox 830 1537 3390 4983">
     <span class='ocr_line' id='line_1_2' title="bbox 830 1537 3243 1637; baseline -0.012 -7"><span class='ocrx_word' id='word_1_7' title='bbox 830 1561 1054 1630; x_wconf 85' lang='lat' dir='ltr'><strong>laudes</strong></span> <span class='ocrx_word' id='word_1_8' title='bbox 1105 1581 1256 1627; x_wconf 86' lang='lat' dir='ltr'><strong>cum</strong></span> <span class='ocrx_word' id='word_1_9' title='bbox 1307 1553 1526 1624; x_wconf 78' lang='lat' dir='ltr'><strong>debita</strong></span> <span class='ocrx_word' id='word_1_10' title='bbox 1575 1554 1962 1622; x_wconf 83' lang='lat' dir='ltr'><strong>solennitate</strong></span> <span class='ocrx_word' id='word_1_11' title='bbox 2008 1575 2087 1620; x_wconf 83' lang='lat' dir='ltr'><strong>ac</strong></span> <span class='ocrx_word' id='word_1_12' title='bbox 2136 1551 2339 1618; x_wconf 87' lang='lat' dir='ltr'><strong>etiam</strong></span> <span class='ocrx_word' id='word_1_13' title='bbox 2384 1545 2796 1637; x_wconf 79' lang='lat' dir='ltr'><strong>jocunditate</strong></span> <span class='ocrx_word' id='word_1_14' title='bbox 2836 1540 3047 1610; x_wconf 84' lang='lat' dir='ltr'><strong>cordis</strong></span> <span class='ocrx_word' id='word_1_15' title='bbox 3090 1537 3243 1604; x_wconf 73' lang='lat' dir='ltr'><strong>Deo</strong></span> 
     </span>
     <span class='ocr_line' id='line_1_3' title="bbox 833 1640 3243 1752; baseline -0.011 -21"><span class='ocrx_word' id='word_1_16' title='bbox 833 1661 1343 1752; x_wconf 83' lang='lat' dir='ltr'><strong>persolvamus.”</strong></span> <span class='ocrx_word' id='word_1_17' title='bbox 1429 1661 1526 1726; x_wconf 87' lang='lat' dir='ltr'><strong>Et</strong></span> <span class='ocrx_word' id='word_1_18' title='bbox 1563 1659 1651 1724; x_wconf 86' lang='lat' dir='ltr'><strong>sic</strong></span> <span class='ocrx_word' id='word_1_19' title='bbox 1677 1679 1828 1724; x_wconf 88' lang='lat' dir='ltr'><strong>cum</strong></span> <span class='ocrx_word' id='word_1_20' title='bbox 1871 1665 2018 1724; x_wconf 92' lang='lat' dir='ltr'><strong>toto</strong></span> <span class='ocrx_word' id='word_1_21' title='bbox 2048 1654 2225 1722; x_wconf 86' lang='lat' dir='ltr'><strong>clero</strong></span> <span class='ocrx_word' id='word_1_22' title='bbox 2254 1651 2615 1720; x_wconf 73' lang='lat' dir='ltr'><strong>solenniter</strong></span> <span class='ocrx_word' id='word_1_23' title='bbox 2640 1649 2915 1716; x_wconf 84' lang='lat' dir='ltr'><strong>inducto</strong></span> <span class='ocrx_word' id='word_1_24' title='bbox 2942 1667 3019 1711; x_wconf 88' lang='lat' dir='ltr'><strong>ac</strong></span> <span class='ocrx_word' id='word_1_25' title='bbox 3045 1640 3243 1709; x_wconf 84' lang='lat' dir='ltr'><strong>etiam</strong></span> 
     </span>
     <span class='ocr_line' id='line_1_4' title="bbox 835 1738 3249 1854; baseline -0.012 -22"><span class='ocrx_word' id='word_1_26' title='bbox 835 1764 1079 1854; x_wconf 86' lang='lat' dir='ltr'><strong>populo</strong></span> <span class='ocrx_word' id='word_1_27' title='bbox 1119 1762 1402 1843; x_wconf 85' lang='lat' dir='ltr'><strong>infinito,</strong></span> <span class='ocrx_word' id='word_1_28' title='bbox 1430 1784 1580 1828; x_wconf 88' lang='lat' dir='ltr'><strong>cum</strong></span> <span class='ocrx_word' id='word_1_29' title='bbox 1623 1781 1854 1848; x_wconf 83' lang='lat' dir='ltr'><strong>magna</strong></span> <span class='ocrx_word' id='word_1_30' title='bbox 1884 1758 2306 1837; x_wconf 73' lang='lat' dir='ltr'><strong>solennitate,</strong></span> <span class='ocrx_word' id='word_1_31' title='bbox 2356 1777 2477 1843; x_wconf 86' lang='lat' dir='ltr'><strong>per</strong></span> <span class='ocrx_word' id='word_1_32' title='bbox 2505 1749 2793 1820; x_wconf 88' lang='lat' dir='ltr'><strong>medium</strong></span> <span class='ocrx_word' id='word_1_33' title='bbox 2840 1745 3043 1812; x_wconf 89' lang='lat' dir='ltr'><strong>totius</strong></span> <span class='ocrx_word' id='word_1_34' title='bbox 3086 1738 3249 1808; x_wconf 81' lang='lat' dir='ltr'><strong>civi-</strong></span> 
     </span>
     <span class='ocr_line' id='line_1_5' title="bbox 839 1842 3245 1955; baseline -0.011 -21"><span class='ocrx_word' id='word_1_35' title='bbox 839 1868 992 1934; x_wconf 79' lang='lat' dir='ltr'><strong>tatis</strong></span> <span class='ocrx_word' id='word_1_36' title='bbox 1018 1863 1580 1955; x_wconf 72' lang='lat' dir='ltr'><strong>processionaliter</strong></span> <span class='ocrx_word' id='word_1_37' title='bbox 1605 1886 1784 1929; x_wconf 80' lang='lat' dir='ltr'><strong>suam</strong></span> <span class='ocrx_word' id='word_1_38' title='bbox 1823 1861 2165 1928; x_wconf 86' lang='lat' dir='ltr'><strong>ecclesiam</strong></span> <span class='ocrx_word' id='word_1_39' title='bbox 2204 1856 2371 1924; x_wconf 86' lang='lat' dir='ltr'><strong>adiit</strong></span> <span class='ocrx_word' id='word_1_40' title='bbox 2398 1850 2878 1930; x_wconf 82' lang='lat' dir='ltr'><strong>cathedralem3</strong></span> <span class='ocrx_word' id='word_1_41' title='bbox 2926 1856 2996 1914; x_wconf 88' lang='lat' dir='ltr'><strong>et</strong></span> <span class='ocrx_word' id='word_1_42' title='bbox 3022 1842 3245 1911; x_wconf 87' lang='lat' dir='ltr'><strong>statim</strong></span> 
     </span>
     <span class='ocr_line' id='line_1_6' title="bbox 839 1952 3250 2054; baseline -0.009 -22"><span class='ocrx_word' id='word_1_43' title='bbox 839 1987 1056 2032; x_wconf 89' lang='lat' dir='ltr'><strong>coram</strong></span> <span class='ocrx_word' id='word_1_44' title='bbox 1099 1965 1371 2054; x_wconf 86' lang='lat' dir='ltr'><strong>populo,</strong></span> <span class='ocrx_word' id='word_1_45' title='bbox 1397 1971 1728 2050; x_wconf 84' lang='lat' dir='ltr'><strong>assumpto</strong></span> <span class='ocrx_word' id='word_1_46' title='bbox 1757 1959 2071 2039; x_wconf 84' lang='lat' dir='ltr'><strong>themate,</strong></span> <span class='ocrx_word' id='word_1_47' title='bbox 2099 1961 2145 1997; x_wconf 75' lang='lat'><strong>‘⁸</strong></span> <span class='ocrx_word' id='word_1_48' title='bbox 2176 1957 2487 2042; x_wconf 87' lang='lat' dir='ltr'><strong>Laqueus</strong></span> <span class='ocrx_word' id='word_1_49' title='bbox 2516 1952 2836 2020; x_wconf 86' lang='lat' dir='ltr'><strong>contritus</strong></span> <span class='ocrx_word' id='word_1_50' title='bbox 2864 1959 2989 2028; x_wconf 87' lang='lat' dir='ltr'><strong>est,</strong></span> <span class='ocrx_word' id='word_1_51' title='bbox 3016 1957 3087 2015; x_wconf 89' lang='lat' dir='ltr'><strong>et</strong></span> <span class='ocrx_word' id='word_1_52' title='bbox 3122 1966 3250 2011; x_wconf 84' lang='lat' dir='ltr'><strong>nos</strong></span> 
     </span>
     <span class='ocr_line' id='line_1_7' title="bbox 839 2047 3249 2145; baseline -0.008 -17"><span class='ocrx_word' id='word_1_53' title='bbox 839 2062 1096 2130; x_wconf 88' lang='lat' dir='ltr'><strong>liberati</strong></span> <span class='ocrx_word' id='word_1_54' title='bbox 1133 2085 1401 2142; x_wconf 80' lang='lat' dir='ltr'><strong>sumus;</strong></span> <span class='ocrx_word' id='word_1_55' title='bbox 1447 2059 1837 2145; x_wconf 87' lang='lat' dir='ltr'><strong>adjutorium</strong></span> <span class='ocrx_word' id='word_1_56' title='bbox 1877 2067 2183 2124; x_wconf 88' lang='lat' dir='ltr'><strong>nostrum</strong></span> <span class='ocrx_word' id='word_1_57' title='bbox 2226 2053 2299 2120; x_wconf 92' lang='lat' dir='ltr'><strong>in</strong></span> <span class='ocrx_word' id='word_1_58' title='bbox 2346 2052 2618 2120; x_wconf 86' lang='lat' dir='ltr'><strong>nomine</strong></span> <span class='ocrx_word' id='word_1_59' title='bbox 2646 2047 2987 2129; x_wconf 88' lang='lat' dir='ltr'><strong>Domini,”</strong></span> <span class='ocrx_word' id='word_1_60' title='bbox 3030 2064 3249 2111; x_wconf 90' lang='lat' dir='ltr'><strong>coram</strong></span> 
     </span>
     <span class='ocr_line' id='line_1_8' title="bbox 845 2149 3257 2227; baseline -0.007 0"><span class='ocrx_word' id='word_1_61' title='bbox 845 2159 1147 2227; x_wconf 88' lang='lat' dir='ltr'><strong>omnibus</strong></span> <span class='ocrx_word' id='word_1_62' title='bbox 1193 2168 1422 2225; x_wconf 83' lang='lat' dir='ltr'><strong>contra</strong></span> <span class='ocrx_word' id='word_1_63' title='bbox 1467 2157 1668 2223; x_wconf 88' lang='lat' dir='ltr'><strong>dictos</strong></span> <span class='ocrx_word' id='word_1_64' title='bbox 1722 2155 2073 2221; x_wconf 56' lang='lat' dir='ltr'><strong>haereticos</strong></span> <span class='ocrx_word' id='word_1_65' title='bbox 2118 2151 2237 2219; x_wconf 91' lang='lat' dir='ltr'><strong>ubi</strong></span> <span class='ocrx_word' id='word_1_66' title='bbox 2288 2149 2629 2217; x_wconf 72' lang='lat' dir='ltr'><strong>dimiserat</strong></span> <span class='ocrx_word' id='word_1_67' title='bbox 2674 2157 3053 2217; x_wconf 72' lang='lat' dir='ltr'><strong>constanter</strong></span> <span class='ocrx_word' id='word_1_68' title='bbox 3096 2166 3257 2211; x_wconf 82' lang='lat' dir='ltr'><strong>suos</strong></span> 
     </span>
     <span class='ocr_line' id='line_1_9' title="bbox 846 2251 3260 2346; baseline -0.006 -18"><span class='ocrx_word' id='word_1_69' title='bbox 846 2260 1255 2328; x_wconf 77' lang='lat' dir='ltr'><strong>continuavit</strong></span> <span class='ocrx_word' id='word_1_70' title='bbox 1281 2281 1640 2346; x_wconf 73' lang='lat' dir='ltr'><strong>processus.</strong></span> <span class='ocrx_word' id='word_1_71' title='bbox 1724 2258 1818 2324; x_wconf 88' lang='lat' dir='ltr'><strong>Et</strong></span> <span class='ocrx_word' id='word_1_72' title='bbox 1844 2257 1999 2346; x_wconf 85' lang='lat' dir='ltr'><strong>quia</strong></span> <span class='ocrx_word' id='word_1_73' title='bbox 2025 2255 2378 2344; x_wconf 84' lang='lat' dir='ltr'><strong>episcopus</strong></span> <span class='ocrx_word' id='word_1_74' title='bbox 2406 2253 2479 2318; x_wconf 91' lang='lat' dir='ltr'><strong>in</strong></span> <span class='ocrx_word' id='word_1_75' title='bbox 2509 2274 2761 2318; x_wconf 83' lang='lat' dir='ltr'><strong>carcere</strong></span> <span class='ocrx_word' id='word_1_76' title='bbox 2784 2251 3091 2319; x_wconf 88' lang='lat' dir='ltr'><strong>detentus</strong></span> <span class='ocrx_word' id='word_1_77' title='bbox 3118 2255 3260 2314; x_wconf 83' lang='lat' dir='ltr'><strong>erat</strong></span> 
     </span>
     <span class='ocr_line' id='line_1_10' title="bbox 847 2349 3258 2444; baseline -0.005 -18"><span class='ocrx_word' id='word_1_78' title='bbox 847 2360 1054 2426; x_wconf 90' lang='lat' dir='ltr'><strong>donec</strong></span> <span class='ocrx_word' id='word_1_79' title='bbox 1081 2368 1408 2426; x_wconf 85' lang='lat' dir='ltr'><strong>transacta</strong></span> <span class='ocrx_word' id='word_1_80' title='bbox 1443 2367 1617 2426; x_wconf 86' lang='lat' dir='ltr'><strong>esset</strong></span> <span class='ocrx_word' id='word_1_81' title='bbox 1639 2358 1777 2426; x_wconf 88' lang='lat' dir='ltr'><strong>dies</strong></span> <span class='ocrx_word' id='word_1_82' title='bbox 1829 2358 1941 2424; x_wconf 84' lang='lat' dir='ltr'><strong>illa</strong></span> <span class='ocrx_word' id='word_1_83' title='bbox 1968 2356 2053 2423; x_wconf 85' lang='lat' dir='ltr'><strong>ad</strong></span> <span class='ocrx_word' id='word_1_84' title='bbox 2081 2379 2279 2444; x_wconf 86' lang='lat' dir='ltr'><strong>quam</strong></span> <span class='ocrx_word' id='word_1_85' title='bbox 2310 2355 2551 2422; x_wconf 86' lang='lat' dir='ltr'><strong>citatus</strong></span> <span class='ocrx_word' id='word_1_86' title='bbox 2592 2353 2807 2420; x_wconf 74' lang='lat' dir='ltr'><strong>fuerat</strong></span> <span class='ocrx_word' id='word_1_87' title='bbox 2846 2349 3258 2438; x_wconf 79' lang='lat' dir='ltr'><strong>supradictus</strong></span> 
     </span>
     <span class='ocr_line' id='line_1_11' title="bbox 847 2451 3262 2548; baseline -0.002 -24"><span class='ocrx_word' id='word_1_88' title='bbox 847 2460 1242 2542; x_wconf 85' lang='lat' dir='ltr'><strong>Willelmus,</strong></span> <span class='ocrx_word' id='word_1_89' title='bbox 1281 2461 1364 2527; x_wconf 85' lang='lat' dir='ltr'><strong>de</strong></span> <span class='ocrx_word' id='word_1_90' title='bbox 1389 2461 1620 2528; x_wconf 73' lang='lat' dir='ltr'><strong>haeresi</strong></span> <span class='ocrx_word' id='word_1_91' title='bbox 1649 2471 1939 2542; x_wconf 85' lang='lat' dir='ltr'><strong>notatus,</strong></span> <span class='ocrx_word' id='word_1_92' title='bbox 1978 2459 2423 2548; x_wconf 77' lang='lat' dir='ltr'><strong>receptatione</strong></span> <span class='ocrx_word' id='word_1_93' title='bbox 2453 2467 2525 2526; x_wconf 91' lang='lat' dir='ltr'><strong>et</strong></span> <span class='ocrx_word' id='word_1_94' title='bbox 2551 2458 2771 2525; x_wconf 81' lang='lat' dir='ltr'><strong>favore</strong></span> <span class='ocrx_word' id='word_1_95' title='bbox 2800 2455 3055 2537; x_wconf 87' lang='lat' dir='ltr'><strong>iterato,</strong></span> <span class='ocrx_word' id='word_1_96' title='bbox 3084 2451 3262 2541; x_wconf 85' lang='lat' dir='ltr'><strong>epis-</strong></span> 
     </span>
     <span class='ocr_line' id='line_1_12' title="bbox 847 2553 3263 2650; baseline -0.003 -22"><span class='ocrx_word' id='word_1_97' title='bbox 847 2577 1054 2650; x_wconf 88' lang='lat' dir='ltr'><strong>copus</strong></span> <span class='ocrx_word' id='word_1_98' title='bbox 1091 2561 1370 2628; x_wconf 88' lang='lat' dir='ltr'><strong>eundem</strong></span> <span class='ocrx_word' id='word_1_99' title='bbox 1400 2561 1484 2628; x_wconf 88' lang='lat' dir='ltr'><strong>ad</strong></span> <span class='ocrx_word' id='word_1_100' title='bbox 1523 2563 1710 2628; x_wconf 83' lang='lat' dir='ltr'><strong>alium</strong></span> <span class='ocrx_word' id='word_1_101' title='bbox 1741 2563 1914 2630; x_wconf 90' lang='lat' dir='ltr'><strong>diem</strong></span> <span class='ocrx_word' id='word_1_102' title='bbox 1944 2561 2193 2644; x_wconf 82' lang='lat' dir='ltr'><strong>citavit,</strong></span> <span class='ocrx_word' id='word_1_103' title='bbox 2222 2569 2293 2629; x_wconf 89' lang='lat' dir='ltr'><strong>et</strong></span> <span class='ocrx_word' id='word_1_104' title='bbox 2326 2583 2445 2649; x_wconf 90' lang='lat' dir='ltr'><strong>per</strong></span> <span class='ocrx_word' id='word_1_105' title='bbox 2472 2559 2813 2648; x_wconf 88' lang='lat' dir='ltr'><strong>publicum</strong></span> <span class='ocrx_word' id='word_1_106' title='bbox 2853 2557 3140 2625; x_wconf 88' lang='lat' dir='ltr'><strong>edictum</strong></span> <span class='ocrx_word' id='word_1_107' title='bbox 3188 2553 3263 2620; x_wconf 87' lang='lat' dir='ltr'><strong>in</strong></span> 
     </span>
     <span class='ocr_line' id='line_1_13' title="bbox 847 2656 3264 2750; baseline -0.002 -22"><span class='ocrx_word' id='word_1_108' title='bbox 847 2663 1094 2730; x_wconf 82' lang='lat' dir='ltr'><strong>foribus</strong></span> <span class='ocrx_word' id='word_1_109' title='bbox 1123 2661 1404 2729; x_wconf 84' lang='lat' dir='ltr'><strong>civitatis</strong></span> <span class='ocrx_word' id='word_1_110' title='bbox 1433 2671 1503 2728; x_wconf 89' lang='lat' dir='ltr'><strong>et</strong></span> <span class='ocrx_word' id='word_1_111' title='bbox 1527 2662 1724 2728; x_wconf 75' lang='lat' dir='ltr'><strong>valvis</strong></span> <span class='ocrx_word' id='word_1_112' title='bbox 1751 2663 2173 2730; x_wconf 84' lang='lat' dir='ltr'><strong>ecclesiarum</strong></span> <span class='ocrx_word' id='word_1_113' title='bbox 2203 2684 2573 2750; x_wconf 86' lang='lat' dir='ltr'><strong>appensum</strong></span> <span class='ocrx_word' id='word_1_114' title='bbox 2601 2659 2789 2728; x_wconf 86' lang='lat' dir='ltr'><strong>citari</strong></span> <span class='ocrx_word' id='word_1_115' title='bbox 2830 2657 3167 2725; x_wconf 80' lang='lat' dir='ltr'><strong>mandavit</strong></span> <span class='ocrx_word' id='word_1_116' title='bbox 3190 2656 3264 2722; x_wconf 85' lang='lat' dir='ltr'><strong>in</strong></span> 
     </span>
     <span class='ocr_line' id='line_1_14' title="bbox 849 2759 3265 2852; baseline -0.003 -20"><span class='ocrx_word' id='word_1_117' title='bbox 849 2787 1044 2833; x_wconf 85' lang='lat' dir='ltr'><strong>causa</strong></span> <span class='ocrx_word' id='word_1_118' title='bbox 1070 2763 1224 2830; x_wconf 84' lang='lat' dir='ltr'><strong>fidei</strong></span> <span class='ocrx_word' id='word_1_119' title='bbox 1251 2773 1388 2829; x_wconf 85' lang='lat' dir='ltr'><strong>tam</strong></span> <span class='ocrx_word' id='word_1_120' title='bbox 1417 2773 1682 2830; x_wconf 84' lang='lat' dir='ltr'><strong>matrem</strong></span> <span class='ocrx_word' id='word_1_121' title='bbox 1711 2787 1910 2852; x_wconf 85' lang='lat' dir='ltr'><strong>quam</strong></span> <span class='ocrx_word' id='word_1_122' title='bbox 1938 2763 2175 2831; x_wconf 82' lang='lat' dir='ltr'><strong>filium.</strong></span> <span class='ocrx_word' id='word_1_123' title='bbox 2262 2762 2398 2831; x_wconf 85' lang='lat' dir='ltr'><strong>Sed</strong></span> <span class='ocrx_word' id='word_1_124' title='bbox 2426 2785 2659 2850; x_wconf 80' lang='lat' dir='ltr'><strong>parum</strong></span> <span class='ocrx_word' id='word_1_125' title='bbox 2688 2771 2845 2828; x_wconf 87' lang='lat' dir='ltr'><strong>ante</strong></span> <span class='ocrx_word' id='word_1_126' title='bbox 2874 2761 3047 2828; x_wconf 90' lang='lat' dir='ltr'><strong>‹liem</strong></span> <span class='ocrx_word' id='word_1_127' title='bbox 3076 2759 3265 2826; x_wconf 84' lang='lat' dir='ltr'><strong>illum</strong></span> 
     </span>
     <span class='ocr_line' id='line_1_15' title="bbox 848 2861 3269 2954; baseline -0.002 -22"><span class='ocrx_word' id='word_1_128' title='bbox 848 2866 1188 2954; x_wconf 76' lang='lat' dir='ltr'><strong>pra-,fixum</strong></span> <span class='ocrx_word' id='word_1_129' title='bbox 1237 2887 1369 2953; x_wconf 87' lang='lat' dir='ltr'><strong>quo</strong></span> <span class='ocrx_word' id='word_1_130' title='bbox 1397 2887 1610 2931; x_wconf 89' lang='lat' dir='ltr'><strong>coram</strong></span> <span class='ocrx_word' id='word_1_131' title='bbox 1635 2865 1946 2953; x_wconf 88' lang='lat' dir='ltr'><strong>episcopo</strong></span> <span class='ocrx_word' id='word_1_132' title='bbox 1974 2887 2353 2954; x_wconf 77' lang='lat' dir='ltr'><strong>comparere</strong></span> <span class='ocrx_word' id='word_1_133' title='bbox 2383 2863 2765 2944; x_wconf 79' lang='lat' dir='ltr'><strong>debuerant,</strong></span> <span class='ocrx_word' id='word_1_134' title='bbox 2795 2863 2975 2930; x_wconf 83' lang='lat' dir='ltr'><strong>venit</strong></span> <span class='ocrx_word' id='word_1_135' title='bbox 3002 2861 3269 2951; x_wconf 86' lang='lat' dir='ltr'><strong>quidam</strong></span> 
     </span>
     <span class='ocr_line' id='line_1_16' title="bbox 853 2963 3268 3056; baseline -0.002 -19"><span class='ocrx_word' id='word_1_136' title='bbox 853 2968 1138 3038; x_wconf 76' lang='lat' dir='ltr'><strong>serviens</strong></span> <span class='ocrx_word' id='word_1_137' title='bbox 1177 2989 1260 3034; x_wconf 84' lang='lat' dir='ltr'><strong>ex</strong></span> <span class='ocrx_word' id='word_1_138' title='bbox 1306 2977 1489 3055; x_wconf 87' lang='lat' dir='ltr'><strong>parte</strong></span> <span class='ocrx_word' id='word_1_139' title='bbox 1519 2967 1871 3034; x_wconf 87' lang='lat' dir='ltr'><strong>cancellarii</strong></span> <span class='ocrx_word' id='word_1_140' title='bbox 1915 2967 2111 3056; x_wconf 82' lang='lat' dir='ltr'><strong>regis,</strong></span> <span class='ocrx_word' id='word_1_141' title='bbox 2139 2967 2477 3056; x_wconf 85' lang='lat' dir='ltr'><strong>quoddam</strong></span> <span class='ocrx_word' id='word_1_142' title='bbox 2518 2965 2718 3034; x_wconf 81' lang='lat' dir='ltr'><strong>breve</strong></span> <span class='ocrx_word' id='word_1_143' title='bbox 2760 2966 3011 3054; x_wconf 78' lang='lat' dir='ltr'><strong>regium</strong></span> <span class='ocrx_word' id='word_1_144' title='bbox 3052 2963 3268 3032; x_wconf 86' lang='lat' dir='ltr'><strong>eidem</strong></span> 
     </span>
     <span class='ocr_line' id='line_1_17' title="bbox 856 3067 3271 3156; baseline -0.001 -20"><span class='ocrx_word' id='word_1_145' title='bbox 856 3071 1308 3138; x_wconf 86' lang='lat' dir='ltr'><strong>demonstrans</strong></span> <span class='ocrx_word' id='word_1_146' title='bbox 1335 3069 1692 3137; x_wconf 83' lang='lat' dir='ltr'><strong>vicecomiti</strong></span> <span class='ocrx_word' id='word_1_147' title='bbox 1721 3069 2059 3137; x_wconf 78' lang='lat' dir='ltr'><strong>Dublinioe</strong></span> <span class='ocrx_word' id='word_1_148' title='bbox 2106 3070 2451 3150; x_wconf 85' lang='lat' dir='ltr'><strong>directum,</strong></span> <span class='ocrx_word' id='word_1_149' title='bbox 2480 3067 2565 3134; x_wconf 88' lang='lat' dir='ltr'><strong>ad</strong></span> <span class='ocrx_word' id='word_1_150' title='bbox 2608 3067 2987 3135; x_wconf 79' lang='lat' dir='ltr'><strong>habendum</strong></span> <span class='ocrx_word' id='word_1_151' title='bbox 3032 3089 3271 3156; x_wconf 87' lang='lat' dir='ltr'><strong>corpus</strong></span> 
     </span>
     <span class='ocr_line' id='line_1_18' title="bbox 857 3169 3273 3260; baseline -0.001 -22"><span class='ocrx_word' id='word_1_152' title='bbox 857 3171 1014 3238; x_wconf 88' lang='lat' dir='ltr'><strong>dicti</strong></span> <span class='ocrx_word' id='word_1_153' title='bbox 1058 3169 1348 3258; x_wconf 84' lang='lat' dir='ltr'><strong>episcopi</strong></span> <span class='ocrx_word' id='word_1_154' title='bbox 1393 3169 1622 3238; x_wconf 85' lang='lat' dir='ltr'><strong>eodem</strong></span> <span class='ocrx_word' id='word_1_155' title='bbox 1667 3170 1774 3239; x_wconf 85' lang='lat' dir='ltr'><strong>die</strong></span> <span class='ocrx_word' id='word_1_156' title='bbox 1817 3171 1901 3238; x_wconf 86' lang='lat' dir='ltr'><strong>ad</strong></span> <span class='ocrx_word' id='word_1_157' title='bbox 1951 3193 2149 3260; x_wconf 84' lang='lat' dir='ltr'><strong>quem</strong></span> <span class='ocrx_word' id='word_1_158' title='bbox 2197 3179 2389 3239; x_wconf 89' lang='lat' dir='ltr'><strong>erant</strong></span> <span class='ocrx_word' id='word_1_159' title='bbox 2430 3169 2611 3237; x_wconf 78' lang='lat' dir='ltr'><strong>citati</strong></span> <span class='ocrx_word' id='word_1_160' title='bbox 2652 3191 2873 3239; x_wconf 83' lang='lat' dir='ltr'><strong>coram</strong></span> <span class='ocrx_word' id='word_1_161' title='bbox 2909 3169 3273 3259; x_wconf 66' lang='lat' dir='ltr'><strong>justicias-io</strong></span> 
     </span>
     <span class='ocr_line' id='line_1_19' title="bbox 859 3270 3275 3363; baseline -0.001 -24"><span class='ocrx_word' id='word_1_162' title='bbox 859 3272 1240 3363; x_wconf 77' lang='lat' dir='ltr'><strong>Hybernioe‚</strong></span> <span class='ocrx_word' id='word_1_163' title='bbox 1259 3272 1626 3360; x_wconf 88' lang='lat' dir='ltr'><strong>ubicunque</strong></span> <span class='ocrx_word' id='word_1_164' title='bbox 1651 3286 1828 3341; x_wconf 87' lang='lat' dir='ltr'><strong>esset</strong></span> <span class='ocrx_word' id='word_1_165' title='bbox 1851 3274 1922 3339; x_wconf 91' lang='lat' dir='ltr'><strong>in</strong></span> <span class='ocrx_word' id='word_1_166' title='bbox 1944 3273 2313 3362; x_wconf 79' lang='lat' dir='ltr'><strong>Hybernia,</strong></span> <span class='ocrx_word' id='word_1_167' title='bbox 2330 3273 2415 3339; x_wconf 85' lang='lat' dir='ltr'><strong>ad</strong></span> <span class='ocrx_word' id='word_1_168' title='bbox 2442 3273 2976 3360; x_wconf 87' lang='lat' dir='ltr'><strong>respondendum</strong></span> <span class='ocrx_word' id='word_1_169' title='bbox 3006 3270 3275 3339; x_wconf 86' lang='lat' dir='ltr'><strong>domino</strong></span> 
     </span>
     <span class='ocr_line' id='line_1_20' title="bbox 857 3371 3277 3463; baseline -0.001 -24"><span class='ocrx_word' id='word_1_170' title='bbox 857 3374 993 3462; x_wconf 84' lang='lat' dir='ltr'><strong>regi</strong></span> <span class='ocrx_word' id='word_1_171' title='bbox 1034 3395 1234 3463; x_wconf 84' lang='lat' dir='ltr'><strong>quare</strong></span> <span class='ocrx_word' id='word_1_172' title='bbox 1261 3372 1606 3461; x_wconf 88' lang='lat' dir='ltr'><strong>episcopus</strong></span> <span class='ocrx_word' id='word_1_173' title='bbox 1645 3374 1716 3440; x_wconf 89' lang='lat' dir='ltr'><strong>in</strong></span> <span class='ocrx_word' id='word_1_174' title='bbox 1767 3396 1888 3440; x_wconf 87' lang='lat' dir='ltr'><strong>sua</strong></span> <span class='ocrx_word' id='word_1_175' title='bbox 1927 3374 2194 3461; x_wconf 83' lang='lat' dir='ltr'><strong>dyocesi</strong></span> <span class='ocrx_word' id='word_1_176' title='bbox 2239 3383 2557 3463; x_wconf 87' lang='lat' dir='ltr'><strong>posuerat</strong></span> <span class='ocrx_word' id='word_1_177' title='bbox 2596 3372 3039 3453; x_wconf 87' lang='lat' dir='ltr'><strong>interdictum,</strong></span> <span class='ocrx_word' id='word_1_178' title='bbox 3080 3381 3153 3439; x_wconf 84' lang='lat' dir='ltr'><strong>et</strong></span> <span class='ocrx_word' id='word_1_179' title='bbox 3190 3371 3277 3437; x_wconf 90' lang='lat' dir='ltr'><strong>ad</strong></span> 
     </span>
     <span class='ocr_line' id='line_1_21' title="bbox 861 3473 3279 3563; baseline -0.001 -19"><span class='ocrx_word' id='word_1_180' title='bbox 861 3476 1388 3563; x_wconf 87' lang='lat' dir='ltr'><strong>respondendum</strong></span> <span class='ocrx_word' id='word_1_181' title='bbox 1421 3475 1680 3542; x_wconf 88' lang='lat' dir='ltr'><strong>domino</strong></span> <span class='ocrx_word' id='word_1_182' title='bbox 1707 3476 2001 3543; x_wconf 76' lang='lat' dir='ltr'><strong>Amaldo</strong></span> <span class='ocrx_word' id='word_1_183' title='bbox 2029 3477 2093 3543; x_wconf 89' lang='lat' dir='ltr'><strong>le</strong></span> <span class='ocrx_word' id='word_1_184' title='bbox 2118 3477 2397 3543; x_wconf 81' lang='lat' dir='ltr'><strong>Pouwer</strong></span> <span class='ocrx_word' id='word_1_185' title='bbox 2416 3498 2615 3562; x_wconf 87' lang='lat' dir='ltr'><strong>super</strong></span> <span class='ocrx_word' id='word_1_186' title='bbox 2641 3474 2904 3562; x_wconf 85' lang='lat' dir='ltr'><strong>querela</strong></span> <span class='ocrx_word' id='word_1_187' title='bbox 2932 3496 3073 3557; x_wconf 84' lang='lat' dir='ltr'><strong>sua,</strong></span> <span class='ocrx_word' id='word_1_188' title='bbox 3100 3473 3279 3541; x_wconf 84' lang='lat' dir='ltr'><strong>dicto</strong></span> 
     </span>
     <span class='ocr_line' id='line_1_22' title="bbox 859 3577 3283 3668; baseline 0.001 -23"><span class='ocrx_word' id='word_1_189' title='bbox 859 3578 1221 3665; x_wconf 85' lang='lat' dir='ltr'><strong>justiciario</strong></span> <span class='ocrx_word' id='word_1_190' title='bbox 1277 3577 1440 3643; x_wconf 87' lang='lat' dir='ltr'><strong>nihil</strong></span> <span class='ocrx_word' id='word_1_191' title='bbox 1504 3580 1759 3667; x_wconf 83' lang='lat' dir='ltr'><strong>penitus</strong></span> <span class='ocrx_word' id='word_1_192' title='bbox 1832 3581 2081 3649; x_wconf 86' lang='lat' dir='ltr'><strong>sciente</strong></span> <span class='ocrx_word' id='word_1_193' title='bbox 2139 3582 2224 3647; x_wconf 90' lang='lat' dir='ltr'><strong>de</strong></span> <span class='ocrx_word' id='word_1_194' title='bbox 2279 3580 2667 3668; x_wconf 85' lang='lat' dir='ltr'><strong>hujusmodi</strong></span> <span class='ocrx_word' id='word_1_195' title='bbox 2724 3580 3055 3647; x_wconf 85' lang='lat' dir='ltr'><strong>mandato.</strong></span> <span class='ocrx_word' id='word_1_196' title='bbox 3152 3578 3283 3647; x_wconf 85' lang='lat' dir='ltr'><strong>Cui</strong></span> 
     </span>
     <span class='ocr_line' id='line_1_23' title="bbox 869 3675 3283 3769; baseline 0.002 -26"><span class='ocrx_word' id='word_1_197' title='bbox 869 3677 1064 3743; x_wconf 83' lang='lat' dir='ltr'><strong>etiam</strong></span> <span class='ocrx_word' id='word_1_198' title='bbox 1114 3675 1282 3741; x_wconf 83' lang='lat' dir='ltr'><strong>dixit</strong></span> <span class='ocrx_word' id='word_1_199' title='bbox 1325 3676 1540 3744; x_wconf 85' lang='lat' dir='ltr'><strong>dictus</strong></span> <span class='ocrx_word' id='word_1_200' title='bbox 1595 3680 1900 3761; x_wconf 76' lang='lat' dir='ltr'><strong>serviens,</strong></span> <span class='ocrx_word' id='word_1_201' title='bbox 1952 3682 2133 3769; x_wconf 89' lang='lat' dir='ltr'><strong>quod</strong></span> <span class='ocrx_word' id='word_1_202' title='bbox 2188 3680 2322 3747; x_wconf 87' lang='lat' dir='ltr'><strong>nisi</strong></span> <span class='ocrx_word' id='word_1_203' title='bbox 2372 3680 2723 3767; x_wconf 88' lang='lat' dir='ltr'><strong>episcopus</strong></span> <span class='ocrx_word' id='word_1_204' title='bbox 2770 3681 2943 3748; x_wconf 81' lang='lat' dir='ltr'><strong>foret</strong></span> <span class='ocrx_word' id='word_1_205' title='bbox 2990 3704 3283 3769; x_wconf 63' lang='lat' dir='ltr'><strong>praeseus</strong></span> 
     </span>
     <span class='ocr_line' id='line_1_24' title="bbox 870 3777 3279 3869; baseline 0.002 -24"><span class='ocrx_word' id='word_1_206' title='bbox 870 3777 1286 3865; x_wconf 80' lang='lat' dir='ltr'><strong>corporaliter</strong></span> <span class='ocrx_word' id='word_1_207' title='bbox 1313 3777 1424 3845; x_wconf 89' lang='lat' dir='ltr'><strong>illo</strong></span> <span class='ocrx_word' id='word_1_208' title='bbox 1451 3778 1559 3846; x_wconf 85' lang='lat' dir='ltr'><strong>die</strong></span> <span class='ocrx_word' id='word_1_209' title='bbox 1585 3802 1796 3847; x_wconf 84' lang='lat' dir='ltr'><strong>coram</strong></span> <span class='ocrx_word' id='word_1_210' title='bbox 1833 3782 2222 3869; x_wconf 67' lang='lat' dir='ltr'><strong>justicias-io,</strong></span> <span class='ocrx_word' id='word_1_211' title='bbox 2250 3781 2711 3848; x_wconf 86' lang='lat' dir='ltr'><strong>amerciaretur</strong></span> <span class='ocrx_word' id='word_1_212' title='bbox 2735 3782 2807 3847; x_wconf 91' lang='lat' dir='ltr'><strong>in</strong></span> <span class='ocrx_word' id='word_1_213' title='bbox 2852 3783 3030 3850; x_wconf 88' lang='lat' dir='ltr'><strong>mille</strong></span> <span class='ocrx_word' id='word_1_214' title='bbox 3071 3784 3279 3851; x_wconf 80' lang='lat' dir='ltr'><strong>libris.</strong></span> 
     </span>
     <span class='ocr_line' id='line_1_25' title="bbox 873 3876 3290 3974; baseline 0.003 -29"><span class='ocrx_word' id='word_1_215' title='bbox 873 3880 968 3945; x_wconf 84' lang='lat' dir='ltr'><strong>Et</strong></span> <span class='ocrx_word' id='word_1_216' title='bbox 1023 3876 1118 3945; x_wconf 88' lang='lat' dir='ltr'><strong>sic</strong></span> <span class='ocrx_word' id='word_1_217' title='bbox 1167 3900 1288 3945; x_wconf 87' lang='lat' dir='ltr'><strong>nec</strong></span> <span class='ocrx_word' id='word_1_218' title='bbox 1332 3878 1545 3965; x_wconf 85' lang='lat' dir='ltr'><strong>prima</strong></span> <span class='ocrx_word' id='word_1_219' title='bbox 1573 3880 1692 3947; x_wconf 85' lang='lat' dir='ltr'><strong>&#39;die</strong></span> <span class='ocrx_word' id='word_1_220' title='bbox 1747 3904 1870 3949; x_wconf 92' lang='lat' dir='ltr'><strong>nec</strong></span> <span class='ocrx_word' id='word_1_221' title='bbox 1915 3882 2209 3948; x_wconf 84' lang='lat' dir='ltr'><strong>secunda</strong></span> <span class='ocrx_word' id='word_1_222' title='bbox 2258 3881 2402 3949; x_wconf 87' lang='lat' dir='ltr'><strong>sine</strong></span> <span class='ocrx_word' id='word_1_223' title='bbox 2458 3882 2933 3968; x_wconf 88' lang='lat' dir='ltr'><strong>impedimento</strong></span> <span class='ocrx_word' id='word_1_224' title='bbox 2977 3886 3290 3974; x_wconf 78' lang='lat' dir='ltr'><strong>prosequi</strong></span> 
     </span>
     <span class='ocr_line' id='line_1_26' title="bbox 876 3978 3290 4070; baseline 0.004 -26"><span class='ocrx_word' id='word_1_225' title='bbox 876 3980 1096 4070; x_wconf 87' lang='lat' dir='ltr'><strong>potuit</strong></span> <span class='ocrx_word' id='word_1_226' title='bbox 1139 3978 1488 4067; x_wconf 85' lang='lat' dir='ltr'><strong>episcopus</strong></span> <span class='ocrx_word' id='word_1_227' title='bbox 1544 4004 1800 4050; x_wconf 88' lang='lat' dir='ltr'><strong>causam</strong></span> <span class='ocrx_word' id='word_1_228' title='bbox 1859 3984 2013 4050; x_wconf 86' lang='lat' dir='ltr'><strong>fidei</strong></span> <span class='ocrx_word' id='word_1_229' title='bbox 2065 3992 2519 4051; x_wconf 84' lang='lat' dir='ltr'><strong>memoratam.</strong></span> <span class='ocrx_word' id='word_1_230' title='bbox 2618 3982 2879 4053; x_wconf 80' lang='lat' dir='ltr'><strong>citatus</strong></span> <span class='ocrx_word' id='word_1_231' title='bbox 2936 3998 3043 4053; x_wconf 89' lang='lat' dir='ltr'><strong>est</strong></span> <span class='ocrx_word' id='word_1_232' title='bbox 3089 3988 3290 4055; x_wconf 83' lang='lat' dir='ltr'><strong>etiam</strong></span> 
     </span>
     <span class='ocr_line' id='line_1_27' title="bbox 877 4082 3295 4172; baseline 0.004 -24"><span class='ocrx_word' id='word_1_233' title='bbox 877 4082 1223 4172; x_wconf 83' lang='lat' dir='ltr'><strong>episcopus</strong></span> <span class='ocrx_word' id='word_1_234' title='bbox 1280 4104 1398 4169; x_wconf 88' lang='lat' dir='ltr'><strong>per</strong></span> <span class='ocrx_word' id='word_1_235' title='bbox 1439 4085 1812 4171; x_wconf 75' lang='lat' dir='ltr'><strong>magistrum</strong></span> <span class='ocrx_word' id='word_1_236' title='bbox 1857 4086 2269 4153; x_wconf 78' lang='lat' dir='ltr'><strong>willelmum</strong></span> <span class='ocrx_word' id='word_1_237' title='bbox 2313 4085 2399 4153; x_wconf 88' lang='lat' dir='ltr'><strong>de</strong></span> <span class='ocrx_word' id='word_1_238' title='bbox 2447 4086 2625 4169; x_wconf 76' lang='lat' dir='ltr'><strong>Rod3</strong></span> <span class='ocrx_word' id='word_1_239' title='bbox 2633 4086 2769 4169; x_wconf 86' lang='lat' dir='ltr'><strong>erd‚</strong></span> <span class='ocrx_word' id='word_1_240' title='bbox 2820 4088 3139 4156; x_wconf 83' lang='lat' dir='ltr'><strong>decanum</strong></span> <span class='ocrx_word' id='word_1_241' title='bbox 3185 4110 3295 4157; x_wconf 86' lang='lat' dir='ltr'><strong>ec·</strong></span> 
     </span>
     <span class='ocr_line' id='line_1_28' title="bbox 879 4181 3295 4273; baseline 0.001 -22"><span class='ocrx_word' id='word_1_242' title='bbox 879 4183 1092 4251; x_wconf 76' lang='lat' dir='ltr'><strong>clesiae</strong></span> <span class='ocrx_word' id='word_1_243' title='bbox 1134 4184 1665 4271; x_wconf 68' lang='lat' dir='ltr'><strong>metropolitane,</strong></span> <span class='ocrx_word' id='word_1_244' title='bbox 1690 4181 2005 4251; x_wconf 82' lang='lat' dir='ltr'><strong>vicarium</strong></span> <span class='ocrx_word' id='word_1_245' title='bbox 2050 4182 2306 4252; x_wconf 90' lang='lat' dir='ltr'><strong>domini</strong></span> <span class='ocrx_word' id='word_1_246' title='bbox 2336 4183 2811 4273; x_wconf 86' lang='lat' dir='ltr'><strong>archiepiscopi</strong></span> <span class='ocrx_word' id='word_1_247' title='bbox 2840 4184 3295 4269; x_wconf 81' lang='lat' dir='ltr'><strong>Dublinensis‚</strong></span> 
     </span>
     <span class='ocr_line' id='line_1_29' title="bbox 883 4284 3296 4373; baseline 0.004 -24"><span class='ocrx_word' id='word_1_248' title='bbox 883 4284 1029 4371; x_wconf 85' lang='lat' dir='ltr'><strong>ipso</strong></span> <span class='ocrx_word' id='word_1_249' title='bbox 1077 4284 1146 4349; x_wconf 90' lang='lat' dir='ltr'><strong>in</strong></span> <span class='ocrx_word' id='word_1_250' title='bbox 1202 4285 1468 4351; x_wconf 86' lang='lat' dir='ltr'><strong>remotis</strong></span> <span class='ocrx_word' id='word_1_251' title='bbox 1507 4294 1752 4373; x_wconf 74' lang='lat' dir='ltr'><strong>agente,</strong></span> <span class='ocrx_word' id='word_1_252' title='bbox 1795 4285 1976 4373; x_wconf 89' lang='lat' dir='ltr'><strong>quod</strong></span> <span class='ocrx_word' id='word_1_253' title='bbox 2020 4294 2433 4373; x_wconf 84' lang='lat' dir='ltr'><strong>compareret</strong></span> <span class='ocrx_word' id='word_1_254' title='bbox 2460 4306 2680 4351; x_wconf 86' lang='lat' dir='ltr'><strong>coram</strong></span> <span class='ocrx_word' id='word_1_255' title='bbox 2724 4306 2806 4352; x_wconf 89' lang='lat' dir='ltr'><strong>eo</strong></span> <span class='ocrx_word' id='word_1_256' title='bbox 2835 4285 3169 4356; x_wconf 79' lang='lat' dir='ltr'><strong>Dubliniae</strong></span> <span class='ocrx_word' id='word_1_257' title='bbox 3209 4291 3296 4357; x_wconf 83' lang='lat' dir='ltr'><strong>ad</strong></span> 
     </span>
     <span class='ocr_line' id='line_1_30' title="bbox 885 4384 3301 4478; baseline 0.004 -28"><span class='ocrx_word' id='word_1_258' title='bbox 885 4384 1414 4472; x_wconf 86' lang='lat' dir='ltr'><strong>respondendum</strong></span> <span class='ocrx_word' id='word_1_259' title='bbox 1461 4386 1726 4473; x_wconf 76' lang='lat' dir='ltr'><strong>quereloe</strong></span> <span class='ocrx_word' id='word_1_260' title='bbox 1755 4385 1913 4453; x_wconf 88' lang='lat' dir='ltr'><strong>dicti</strong></span> <span class='ocrx_word' id='word_1_261' title='bbox 1957 4384 2213 4451; x_wconf 90' lang='lat' dir='ltr'><strong>domini</strong></span> <span class='ocrx_word' id='word_1_262' title='bbox 2240 4384 2541 4468; x_wconf 86' lang='lat' dir='ltr'><strong>Arnaldi‚</strong></span> <span class='ocrx_word' id='word_1_263' title='bbox 2591 4396 2661 4455; x_wconf 88' lang='lat' dir='ltr'><strong>et</strong></span> <span class='ocrx_word' id='word_1_264' title='bbox 2704 4387 3069 4475; x_wconf 83' lang='lat' dir='ltr'><strong>specialiter</strong></span> <span class='ocrx_word' id='word_1_265' title='bbox 3101 4413 3301 4478; x_wconf 81' lang='lat' dir='ltr'><strong>quare</strong></span> 
     </span>
     <span class='ocr_line' id='line_1_31' title="bbox 889 4479 3305 4575; baseline 0.005 -23"><span class='ocrx_word' id='word_1_266' title='bbox 889 4508 1008 4574; x_wconf 84' lang='lat' dir='ltr'><strong>per</strong></span> <span class='ocrx_word' id='word_1_267' title='bbox 1048 4486 1268 4574; x_wconf 88' lang='lat' dir='ltr'><strong>ipsum</strong></span> <span class='ocrx_word' id='word_1_268' title='bbox 1313 4496 1502 4553; x_wconf 68' lang='lat' dir='ltr'><strong>terrm</strong></span> <span class='ocrx_word' id='word_1_269' title='bbox 1552 4508 1680 4551; x_wconf 75' lang='lat' dir='ltr'><strong>suoe</strong></span> <span class='ocrx_word' id='word_1_270' title='bbox 1717 4486 2159 4553; x_wconf 86' lang='lat' dir='ltr'><strong>ecclesiastico</strong></span> <span class='ocrx_word' id='word_1_271' title='bbox 2215 4479 2580 4575; x_wconf 60' lang='lat' dir='ltr'><strong>suppositm</strong></span> <span class='ocrx_word' id='word_1_272' title='bbox 2624 4489 2885 4556; x_wconf 84' lang='lat' dir='ltr'><strong>fuerant</strong></span> <span class='ocrx_word' id='word_1_273' title='bbox 2930 4488 3305 4563; x_wconf 77' lang='lat' dir='ltr'><strong>interdicto·</strong></span> 
     </span>
     <span class='ocr_line' id='line_1_32' title="bbox 891 4584 3305 4679; baseline 0.003 -24"><span class='ocrx_word' id='word_1_274' title='bbox 891 4586 1024 4655; x_wconf 73' lang='lat' dir='ltr'><strong>sed</strong></span> <span class='ocrx_word' id='word_1_275' title='bbox 1075 4584 1421 4674; x_wconf 86' lang='lat' dir='ltr'><strong>episcopus</strong></span> <span class='ocrx_word' id='word_1_276' title='bbox 1477 4608 1596 4673; x_wconf 89' lang='lat' dir='ltr'><strong>per</strong></span> <span class='ocrx_word' id='word_1_277' title='bbox 1635 4595 2119 4673; x_wconf 87' lang='lat' dir='ltr'><strong>procuratorem</strong></span> <span class='ocrx_word' id='word_1_278' title='bbox 2178 4610 2375 4653; x_wconf 88' lang='lat' dir='ltr'><strong>suum</strong></span> <span class='ocrx_word' id='word_1_279' title='bbox 2432 4610 2839 4677; x_wconf 84' lang='lat' dir='ltr'><strong>comparens,</strong></span> <span class='ocrx_word' id='word_1_280' title='bbox 2893 4590 3179 4679; x_wconf 82' lang='lat' dir='ltr'><strong>legitime</strong></span> <span class='ocrx_word' id='word_1_281' title='bbox 3229 4616 3305 4662; x_wconf 85' lang='lat' dir='ltr'><strong>se</strong></span> 
     </span>
     <span class='ocr_line' id='line_1_33' title="bbox 891 4686 3307 4777; baseline 0.003 -21"><span class='ocrx_word' id='word_1_282' title='bbox 891 4686 1253 4768; x_wconf 84' lang='lat' dir='ltr'><strong>excusavit,</strong></span> <span class='ocrx_word' id='word_1_283' title='bbox 1280 4686 1458 4774; x_wconf 88' lang='lat' dir='ltr'><strong>quod</strong></span> <span class='ocrx_word' id='word_1_284' title='bbox 1486 4686 1569 4752; x_wconf 86' lang='lat' dir='ltr'><strong>ad</strong></span> <span class='ocrx_word' id='word_1_285' title='bbox 1595 4686 1808 4752; x_wconf 87' lang='lat' dir='ltr'><strong>locum</strong></span> <span class='ocrx_word' id='word_1_286' title='bbox 1857 4686 2043 4751; x_wconf 89' lang='lat' dir='ltr'><strong>illum</strong></span> <span class='ocrx_word' id='word_1_287' title='bbox 2074 4688 2429 4754; x_wconf 86' lang='lat' dir='ltr'><strong>accedendi</strong></span> <span class='ocrx_word' id='word_1_288' title='bbox 2473 4711 2593 4777; x_wconf 85' lang='lat' dir='ltr'><strong>per</strong></span> <span class='ocrx_word' id='word_1_289' title='bbox 2620 4691 2795 4757; x_wconf 83' lang='lat' dir='ltr'><strong>viam</strong></span> <span class='ocrx_word' id='word_1_290' title='bbox 2833 4701 3019 4758; x_wconf 87' lang='lat' dir='ltr'><strong>tutus</strong></span> <span class='ocrx_word' id='word_1_291' title='bbox 3067 4693 3193 4761; x_wconf 87' lang='lat' dir='ltr'><strong>sibi</strong></span> <span class='ocrx_word' id='word_1_292' title='bbox 3234 4692 3307 4763; x_wconf 85' lang='lat' dir='ltr'><strong>et</strong></span> 
     </span>
     <span class='ocr_line' id='line_1_34' title="bbox 895 4788 3306 4877; baseline 0.005 -23"><span class='ocrx_word' id='word_1_293' title='bbox 895 4790 1031 4855; x_wconf 85' lang='lat' dir='ltr'><strong>suis</strong></span> <span class='ocrx_word' id='word_1_294' title='bbox 1081 4812 1217 4856; x_wconf 90' lang='lat' dir='ltr'><strong>non</strong></span> <span class='ocrx_word' id='word_1_295' title='bbox 1265 4788 1552 4876; x_wconf 77' lang='lat' dir='ltr'><strong>patebat·</strong></span> <span class='ocrx_word' id='word_1_296' title='bbox 1581 4810 1897 4871; x_wconf 80' lang='lat' dir='ltr'><strong>accessus,</strong></span> <span class='ocrx_word' id='word_1_297' title='bbox 1946 4790 2315 4877; x_wconf 62' lang='lat' dir='ltr'><strong>praesertim</strong></span> <span class='ocrx_word' id='word_1_298' title='bbox 2362 4814 2513 4857; x_wconf 88' lang='lat' dir='ltr'><strong>cum</strong></span> <span class='ocrx_word' id='word_1_299' title='bbox 2560 4815 2789 4861; x_wconf 80' lang='lat' dir='ltr'><strong>versus</strong></span> <span class='ocrx_word' id='word_1_300' title='bbox 2844 4794 3063 4862; x_wconf 86' lang='lat' dir='ltr'><strong>locum</strong></span> <span class='ocrx_word' id='word_1_301' title='bbox 3119 4798 3306 4865; x_wconf 85' lang='lat' dir='ltr'><strong>illum</strong></span> 
     </span>
     <span class='ocr_line' id='line_1_35' title="bbox 898 4890 3390 4983; baseline 0.005 -26"><span class='ocrx_word' id='word_1_302' title='bbox 898 4891 1208 4963; x_wconf 84' lang='lat' dir='ltr'><strong>transitus</strong></span> <span class='ocrx_word' id='word_1_303' title='bbox 1249 4891 1413 4958; x_wconf 85' lang='lat' dir='ltr'><strong>alius</strong></span> <span class='ocrx_word' id='word_1_304' title='bbox 1459 4890 1670 4959; x_wconf 87' lang='lat' dir='ltr'><strong>nullus</strong></span> <span class='ocrx_word' id='word_1_305' title='bbox 1705 4890 1794 4959; x_wconf 91' lang='lat' dir='ltr'><strong>sit</strong></span> <span class='ocrx_word' id='word_1_306' title='bbox 1822 4892 1951 4957; x_wconf 87' lang='lat' dir='ltr'><strong>nisi</strong></span> <span class='ocrx_word' id='word_1_307' title='bbox 1994 4914 2115 4981; x_wconf 87' lang='lat' dir='ltr'><strong>per</strong></span> <span class='ocrx_word' id='word_1_308' title='bbox 2142 4903 2351 4961; x_wconf 88' lang='lat' dir='ltr'><strong>terras</strong></span> <span class='ocrx_word' id='word_1_309' title='bbox 2381 4902 2451 4961; x_wconf 88' lang='lat' dir='ltr'><strong>et</strong></span> <span class='ocrx_word' id='word_1_310' title='bbox 2478 4898 2841 4983; x_wconf 85' lang='lat' dir='ltr'><strong>potentiam</strong></span> <span class='ocrx_word' id='word_1_311' title='bbox 2870 4899 3029 4967; x_wconf 89' lang='lat' dir='ltr'><strong>dicti</strong></span> <span class='ocrx_word' id='word_1_312' title='bbox 3056 4900 3310 4968; x_wconf 89' lang='lat' dir='ltr'><strong>domini</strong></span> <span class='ocrx_word' id='word_1_313' title='bbox 3381 4971 3390 4980; x_wconf 72' lang='grc'><strong>,</strong></span> 
     </span>
    </p>
   </div>
  </div>
 </body>
</html>
