3867 6400
909 1317 1004 1377 xlii
1179 1374 1188 1382 .
1537 1335 1860 1379 Avpcnuix
1891 1335 1974 1377 το
2006 1333 2138 1374 rus
2168 1331 2686 1374 mruouucnon.

909 1479 1117 1555 legitur
1155 1478 1214 1535 in
1253 1477 1487 1534 historia
1525 1477 1717 1536 Sancti
1747 1477 2052 1536 Clementis
2090 1482 2149 1533 et
2192 1475 2385 1534 Sancti
2416 1473 2665 1552 Cipriani
2706 1480 2766 1532 et
2793 1472 2987 1531 Sancti
3026 1471 3316 1540 Germani,

913 1583 970 1633 et
995 1575 1235 1632 aliorum
1261 1573 1586 1642 multorum,
1614 1574 1746 1651 quia
1771 1573 2077 1651 accipiebat
2104 1572 2315 1650 figuras
2340 1572 2659 1648 aliquorum
2674 1570 2925 1629 virorum
2944 1577 3004 1629 et
3016 1569 3317 1628 mulierum

913 1669 984 1727 ad
1013 1668 1401 1746 decipiendum
1429 1669 1694 1746 populum
1720 1677 1780 1726 et
1803 1667 1876 1727 ad
1902 1667 2303 1726 diffamandum
2330 1676 2614 1726 creaturas
2642 1665 2775 1725 Dei.
2832 1666 2914 1724 Et
2938 1665 3067 1724 ideo
3092 1683 3207 1722 non
3232 1673 3321 1723 est

913 1764 1257 1823 credendum
1300 1764 1453 1841 quod
1497 1764 1751 1822 homines
1791 1763 1882 1823 vel
1925 1763 2189 1822 mulieres
2236 1771 2637 1821 convertantur
2678 1765 2737 1820 in
2778 1781 3027 1830 anseres,
3067 1760 3161 1819 vel
3196 1759 3319 1818 aliis

919 1859 1215 1917 similibus,
1271 1859 1362 1918 Ea
1377 1879 1514 1936 ergo
1542 1879 1668 1937 quoe
1689 1857 1973 1917 sceleratae
2000 1858 2266 1916 mulieres
2291 1859 2529 1917 credunt
2554 1866 2614 1916 et
2638 1858 2994 1936 profitentur,
3022 1855 3235 1914 scilicet
3260 1871 3321 1913 so

915 1975 1044 2012 cum
1087 1953 1281 2013 Diana
1315 1953 1420 2012 dea
1461 1973 1804 2032 paganorum
1847 1954 2137 2012 nocturnis
2182 1952 2360 2022 horis,
2404 1963 2463 2012 et
2505 1973 2636 2013 cum
2681 1953 3011 2013 Herodiade
3050 1961 3110 2012 et
3146 1949 3321 2009 nimia

917 2051 1220 2110 mulierum
1261 2050 1632 2118 multitudine,
1677 2050 1926 2127 equitare
1970 2068 2142 2128 supra
2184 2050 2459 2127 quasdam
2493 2051 2725 2120 bestias,
2752 2058 2811 2109 et
2834 2050 3019 2108 multa
3042 2059 3319 2108 terrarum

920 2147 1102 2225 spatia
1139 2147 1487 2223 intempestae
1529 2146 1709 2204 noctis
1750 2143 1971 2203 silentio
2010 2145 2369 2222 pertransire,
2414 2146 2649 2223 ejusque
2696 2145 3048 2223 jussionibus
3095 2143 3321 2202 obedite

920 2241 1078 2300 velut
1103 2241 1349 2309 domino,
1376 2249 1435 2298 et
1459 2240 1675 2298 cunctis
1711 2239 1967 2298 noctibus
1992 2238 2068 2298 ad
2094 2240 2220 2318 ejus
2248 2241 2539 2299 servitium
2565 2241 2810 2311 evocari,
2836 2248 2898 2300 et
2932 2239 3087 2318 quod
3112 2239 3183 2298 ab
3208 2237 3321 2297 illis

918 2346 1159 2416 possunt
1181 2337 1385 2413 aliquae
1412 2345 1682 2395 creatum
1709 2337 1766 2394 in
1793 2336 1994 2394 melius
2015 2335 2106 2395 vel
2133 2337 2195 2394 in
2222 2336 2467 2396 deterius
2488 2333 2838 2408 commutari,
2864 2337 3052 2395 autin
3078 2335 3321 2414 speciem

919 2433 1014 2491 vel
1055 2431 1474 2491 similitudinem
1499 2431 1666 2490 aliam
1705 2432 2127 2492 transformarit
2184 2433 2375 2492 omnia
2409 2442 2543 2492 sunt
2575 2432 2721 2493 falss
2744 2443 2804 2493 et
2830 2453 3087 2504 erronea,
3111 2441 3173 2491 et
3206 2450 3323 2490 non

789 2601 794 2604 ¹
923 2551 960 2589 a
995 2531 1187 2589 divino
1231 2529 1430 2608 spiritu
1471 2529 1572 2590 sed
1611 2549 1648 2588 a
1685 2529 1950 2606 maligno,
1977 2537 2044 2587 ut
2084 2528 2299 2588 dictum
2333 2539 2440 2601 est,
2484 2531 2619 2590 talia
2662 2531 3002 2590 fantasmata
3044 2528 3323 2588 mentibus
3358 2545 3363 2550 ·
3404 2525 3459 2551 ·‘

923 2645 1118 2683 earum
1136 2625 1497 2702 irrogantur3
1535 2622 1668 2700 quia
1693 2642 1822 2684 cum
1846 2622 2085 2701 alicujus
2109 2624 2357 2682 animam
2386 2643 2489 2702 per
2515 2623 2685 2684 talem
2712 2623 3105 2682 credulitatem
3130 2623 3327 2701 subju-

923 2723 1147 2798 gaverit
1173 2721 1300 2791 sibi,
1333 2719 1738 2797 transfigurans
1780 2737 1840 2776 se
1867 2718 1928 2776 in
1962 2718 2230 2796 angelum
2255 2719 2417 2790 lucis,
2446 2728 2505 2779 et
2531 2719 2940 2779 transformans
2968 2725 3031 2779 s'e
3054 2719 3118 2778 in
3142 2719 3327 2778 diver·-

923 2837 1118 2893 sarum
1147 2836 1512 2895 personarum
1539 2815 1748 2895 species
1774 2823 1945 2894 atque
1974 2815 2382 2888 similitudines,
2400 2825 2647 2877 mentem
2672 2835 2843 2895 quam
2869 2815 3149 2895 captivam
3173 2822 3328 2874 tenet

927 2913 1313 2990 multipliciter
1347 2913 1576 2982 deludit,
1604 2921 1664 2970 et
1699 2911 1888 2971 nullus
1915 2912 2083 2972 debet
2107 2913 2302 2973 venire
2339 2915 2401 2973 in
2438 2923 2655 2974 tantam
2693 2911 2991 2972 stultitiam
3028 2918 3097 2970 ut
3139 2910 3332 2970 credat

929 3007 1056 3067 haec
1081 3008 1272 3066 omnia
1297 3027 1424 3086 quoe
1443 3008 1504 3066 in
1531 3009 1759 3067 somniis
1785 3013 1846 3067 et
1871 3009 2071 3088 spiritu
2098 3018 2321 3069 tantiun
2346 3011 2491 3069 liunt
2512 3011 2685 3069 en‘am
2709 3009 2767 3067 in
2796 3029 3035 3087 corpore
3058 3006 3329 3078 accidere,

929 3123 1060 3162 cum
1085 3105 1257 3162 etiam
1285 3103 1495 3162 Paulus
1521 3123 1634 3161 non
1649 3103 1853 3162 audeat
1876 3124 2129 3164 asserere
2150 3104 2304 3183 quod
2329 3106 2516 3166 fixerat
2540 3113 2733 3186 raptus
2759 3106 2820 3164 in
2846 3124 3103 3184 corpore.
3157 3104 3332 3171 Quo-

927 3218 1154 3276 cunque
1185 3218 1324 3277 ergo
1361 3198 1494 3257 talia
1529 3198 1842 3270 crediderit,
1882 3200 2097 3276 scilicet
2136 3210 2437 3281 postquam
2480 3222 2648 3281 super
2674 3202 2880 3263 talibus
2918 3203 3160 3262 audierit
3183 3202 3335 3261 veri-2

929 3305 1106 3354 tatem
1132 3294 1227 3353 vel
1251 3296 1555 3354 asseruerit
1581 3296 1792 3356 scilicet
1818 3298 2199 3376 pertinaciter,
2242 3300 2610 3377 proculdubio
2646 3300 2887 3359 infidelis
2913 3309 3005 3360 est
3028 3308 3087 3360 et
3110 3319 3331 3379 pagano

931 3391 1197 3459 deterior,
1236 3392 1391 3469 xxvj.
1429 3410 1488 3470 q.
1522 3409 1578 3449 v.
1617 3392 1879 3470 episcopi.
1962 3392 2044 3452 Et
2082 3394 2215 3473 quia
2254 3394 2489 3453 nimium
2530 3394 2821 3453 abundant
2862 3394 3005 3454 tales
3050 3414 3331 3474 perverso

931 3486 1198 3545 mulieres
1223 3488 1284 3545 in
1305 3486 1653 3566 Delphinatu
1677 3496 1737 3546 et
1762 3488 1820 3545 in
1843 3488 2183 3559 Vaschonia,
2208 3490 2310 3548 ubi
2336 3509 2397 3548 se
2422 3498 2684 3549 asserunt
2708 3510 3044 3550 concurrere
3070 3490 3141 3549 de
3164 3500 3332 3552 nocte

931 3586 991 3642 in
1023 3582 1268 3661 quadam
1312 3582 1548 3661 planicie
1593 3583 1832 3654 deserta,
1867 3584 1966 3641 ubi
2009 3593 2100 3643 est
2140 3604 2277 3662 aper
2318 3582 2548 3662 quidam
2582 3585 2645 3643 in
2692 3604 2833 3663 rupe
2880 3585 2980 3664 qui
3024 3584 3335 3663 vulgariter

932 3680 1140 3739 dicitur
1157 3677 1392 3739 Elboch
1417 3678 1490 3739 de
1514 3679 1757 3748 bitem,
1783 3686 1843 3738 et
1878 3678 2032 3757 quod
2067 3680 2146 3737 ibi
2180 3681 2522 3739 conveniunt
2548 3700 2679 3740 cum
2711 3680 2962 3739 candelis
2996 3684 3243 3743 accensis
3273 3666 3349 3745 et*

933 3775 1173 3835 adoram
1211 3774 1373 3834 illum
1409 3794 1627 3855 apt-mn,
1664 3775 1981 3834 osculantes
2017 3796 2150 3834 euin
2177 3776 2235 3835 in
2262 3795 2373 3836 ano
2399 3796 2521 3847 suo,
2562 3776 2689 3836 ideo
2716 3784 2896 3856 capto
2922 3776 3114 3856 plures
3140 3798 3339 3841 earum

936 3872 1010 3931 ab
1029 3871 1454 3950 inquisitoribus
1479 3870 1610 3930 fidei
1627 3880 1688 3930 et
1711 3872 2003 3941 convictis,
2030 3871 2255 3949 ignibus
2282 3872 2707 3931 combumntur.
2766 3872 2945 3951 Signa
2969 3882 3157 3933 autem
3182 3896 3337 3935 eom-

935 3969 1234 4027 bustarum
1273 3976 1406 4025 sunt
1447 3966 1682 4045 depicta,
1718 3967 1957 4045 qualiter
1998 3968 2211 4027 scilicet
2256 3967 2496 4028 adorant
2535 3987 2665 4028 curn
2719 3969 2967 4029 candelis
3008 3970 3341 4049 praedictum
3470 4020 3473 4025 .

937 4082 1160 4141 aprum,
1193 4063 1252 4121 in
1287 4061 1454 4121 domo
1481 4062 1824 4142 inquisitoris
1853 4061 2183 4134 Tholosani,
2224 4064 2284 4122 in
2324 4082 2530 4141 magna
2560 4062 2921 4124 multitudine
2952 4066 3339 4138 eanusearum,

938 4162 1090 4220 sient
1116 4180 1224 4237 ego
1245 4160 1483 4241 propriis
1510 4158 1685 4218 oculis
1711 4160 1918 4239 aspexi.
1956 4178 1961 4183 ⁴
